3186 4870
261 403 325 466 214
446 379 450 386 '
692 400 848 455 ueneno
866 401 959 455 coxa.

261 596 367 664 etsie
391 595 664 679 decaeteriszssll
696 597 782 679 qnod
812 601 848 663 et
877 600 970 663 esna
998 600 1033 663 et
1059 601 1180 678 turres,
1212 603 1247 665 et
1271 599 1411 681 quaevis

262 711 327 777 alia
364 714 494 777 remota
532 731 670 796 corpora
708 711 780 777 eius
821 712 890 778 sint
927 715 1058 778 tantum
1096 713 1335 796 magnitudinis
1374 719 1411 781 et

261 828 397 911 figurae,
434 848 532 909 quam
565 827 717 894 sensibus
752 827 835 893 meis
869 827 1038 908 exhibent,
1071 831 1107 895 et
1138 829 1205 894 alia
1237 830 1408 896 eiusmodi.

261 943 326 1010 Sed
349 965 391 1010 ne
415 943 493 1026 quid
516 942 550 1007 in
573 943 637 1009 hae
665 965 702 1009 re
732 965 798 1009 non
829 943 912 1010 satis
944 943 1100 1010 distincte
1129 945 1321 1031 percipiam,
1353 967 1410 1012 ac-

262 1059 408 1126 curatius
430 1060 533 1126 debeo
565 1059 701 1126 definire
733 1059 811 1142 quid
841 1059 974 1145 proprie
1004 1060 1199 1143 intelligam,
1231 1065 1304 1126 cirm
1336 1061 1410 1128 dico

261 1197 314 1242 me
339 1175 462 1257 aliquid
491 1174 602 1242 doceri
629 1196 650 1240 a
673 1177 809 1254 natura3
840 1196 960 1259 nempe
990 1175 1044 1241 hio
1074 1178 1228 1241 naturam
1259 1176 1411 1242 strictius

262 1313 365 1372 sumo,
400 1310 500 1373 quam
531 1311 591 1374 pro
624 1289 851 1374 complexione
884 1311 998 1357 eorum
1031 1291 1174 1356 omnium
1208 1312 1293 1374 quae
1328 1291 1408 1357 mihi

262 1408 375 1474 aDeo
405 1406 532 1472 tributa
561 1408 653 1485 sunt;
684 1405 719 1470 in
748 1405 811 1470 hac
842 1406 929 1470 enim
954 1406 1180 1490 complexione
1203 1409 1308 1474 multa
1331 1428 1409 1474 eon·

261 1523 411 1589 tinentur
441 1543 526 1604 quae
556 1522 598 1587 ad
625 1524 771 1587 mentem
804 1521 908 1586 solam
938 1521 1118 1607 pertinent,
1149 1526 1187 1588 ut
1216 1523 1303 1605 quod
1333 1529 1409 1608 p'er-

262 1638 380 1723 cipiam
411 1637 444 1702 id
475 1638 561 1719 quod
592 1636 718 1703 factum
751 1641 804 1703 est
834 1636 995 1702 infectum
1027 1657 1102 1732 esse
1135 1659 1199 1704 non
1232 1660 1340 1724 posse,
1374 1642 1411 1704 et

261 1754 388 1836 reliqua
416 1752 527 1819 omnis
555 1773 639 1835 quae
670 1752 783 1818 lumini
814 1753 959 1819 naturali
989 1756 1068 1851 sunt
1097 1757 1187 1834 nota,
1219 1754 1260 1820 de
1291 1753 1411 1836 quibus

262 1869 315 1934 hie
347 1890 412 1935 non
445 1871 498 1934 est
529 1889 653 1948 sermo;
686 1867 791 1934 multa
823 1868 925 1934 etiam
959 1889 1043 1950 quae
1076 1868 1118 1956 ad
1151 1869 1256 1935 solnm
1289 1890 1411 1954 corpus

262 1988 425 2069 spectant,
458 1988 497 2050 ut
529 1985 616 2067 quod
649 1985 802 2050 deorsum
830 1984 961 2072 tendat,
998 1987 1033 2050 et
1065 1984 1185 2050 similia
1216 1985 1259 2050 de
1291 1985 1410 2067 quibus
1453 1963 1455 1967 ⁸

262 2099 363 2167 etiam
387 2121 452 2165 non
476 2121 551 2184 ago,
582 2100 641 2166 sed
669 2100 710 2166 de
732 2100 774 2166 iis
796 2103 929 2167 tantum
953 2120 1038 2182 qnae
1061 2099 1142 2164 mihi
1165 2103 1203 2166 nt
1226 2100 1408 2185 composito

263 2236 305 2281 ex
334 2220 446 2283 mente
479 2220 514 2283 et
546 2237 683 2301 corpore
715 2236 736 2282 a
765 2217 836 2284 Deo
868 2216 996 2283 tributa
1028 2220 1120 2282 sunt:
1152 2215 1292 2297 ideoque
1324 2215 1409 2282 haec

262 2331 434 2415 naturast)
464 2331 560 2397 docet
588 2331 720 2414 quidem
751 2353 791 2397 ea
820 2332 976 2415 refugere
1007 2352 1091 2413 quae
1121 2351 1255 2396 sensum
1287 2331 1407 2397 doloris

261 2447 418 2526 inferunt,
450 2448 485 2511 et
513 2467 553 2512 ea
580 2446 736 2530 prosequi
763 2467 847 2528 quae
871 2469 1005 2514 sensum
1028 2447 1221 2532 voluptatis,
1253 2450 1288 2513 et
1309 2446 1409 2526 talias

262 2561 410 2628 sednon
434 2565 574 2646 apparet
601 2562 692 2627 illem
720 2566 896 2647 praeterea
925 2585 985 2630 nos
1017 2563 1135 2629 dooere
1164 2565 1203 2629 nt
1233 2563 1407 2646 quicquam

262 2700 304 2744 ex
338 2677 414 2744 istis
449 2698 604 2743 sensnum
638 2678 905 2763 perceptionibus
940 2679 1012 2745 sine
1048 2679 1185 2764 praevio
1218 2678 1408 2745 intellectus

262 2779 415 2861 examine
439 2793 479 2860 de
502 2794 602 2859 rebus
625 2796 806 2860 extranee
836 2794 953 2878 positis
984 2795 1226 2875 concludamus,
1258 2794 1336 2877 quia
1366 2793 1407 2859 de

261 2911 302 2976 iis
332 2931 448 2976 verum
481 2910 566 2976 scire
599 2910 641 2974 ad
674 2913 820 2976 mentem
853 2911 968 2992 solam,
1001 2931 1066 2977 non
1099 2912 1212 2976 autem
1244 2909 1286 2974 ad
1319 2930 1407 2976 oom-

261 3027 404 3110 positum
428 3026 561 3092 videtur
582 3025 809 3110 pertinere.⁶⁴)

353 3135 421 3208 ¹lta
453 3141 604 3224 quamvis
636 3142 733 3207 stella
766 3164 831 3208 non
865 3141 973 3224 magis
1005 3142 1134 3207 oculum
1166 3162 1276 3207 meum
1309 3161 1407 3223 quam

261 3258 349 3340 ignis
380 3257 521 3340 exiguae
551 3256 635 3322 facis
666 3256 802 3338 afficiat,
834 3257 924 3322 nulla
951 3259 1064 3322 tamen
1091 3256 1125 3322 in
1149 3277 1188 3322 eo
1212 3256 1312 3322 realis
1335 3255 1407 3320 sive

261 3373 406 3458 positiva
421 3370 597 3456 propensio
614 3376 666 3437 est
681 3373 724 3437 ad
743 3374 943 3439 credendum
958 3372 1049 3438 illam
1065 3394 1129 3438 non
1146 3393 1220 3438 esse
1236 3372 1406 3454 maiorem,

370 3531 405 3598 ⁰²)
423 3530 478 3583 Der
490 3528 653 3584 Naohdruck
666 3529 734 3598 liegt
747 3532 796 3585 auf
806 3531 931 3596 ,esdem“
942 3531 998 3586 und
1011 3531 1122 3598 ,idem“‚
1142 3531 1213 3585 denn
1227 3547 1322 3586 ausser
1334 3531 1409 3584 einer

260 3619 436 3674 bestimmten
453 3619 527 3686 Lege
549 3619 598 3672 der
618 3618 757 3674 kleinsten
778 3619 925 3676 'l'heilchen
949 3620 1070 3674 befindet
1094 3619 1153 3674 sich
1175 3620 1204 3672 in
1227 3619 1279 3673 den
1301 3619 1408 3687 Dingen

260 3707 359 3773 niehts,
379 3723 436 3760 was
454 3707 515 3762 dem
534 3706 650 3762 Farben-
669 3707 733 3763 oder
751 3708 1017 3764 Geschmackssinne
1035 3726 1124 3776 genau
1141 3708 1310 3778 entsprtche.
1405 3771 1407 3774 ¹

368 3798 405 3865 ⁶⁸)
415 3796 483 3850 Jene
489 3796 583 3862 Natur,
591 3797 633 3852 die
640 3798 692 3852 mir
701 3798 742 3854 sla
750 3799 837 3853 eincm
844 3801 1140 3866 zusammengesetzten
1146 3797 1250 3851 Wesen
1260 3795 1408 3850 zukommt.

369 3884 494 3952 ⁶⁴jDiese
503 3887 588 3941 Stella
597 3887 668 3954 zeigt
678 3887 720 3941 die
730 3890 852 3942 tusserst
861 3887 1062 3942 schwenkende
1070 3886 1279 3954 Terminologie:
1289 3885 1408 3939 Menffl

261 3976 296 4046 (p.
312 3974 374 4042 102)
386 3975 496 4032 werden
510 3974 552 4029 die
564 3974 661 4029 beiden
673 3975 811 4030 Formeln:
834 3979 944 4041 ,natura
957 3976 1050 4030 docet¹‘
1072 3975 1127 4029 und
1148 3976 1254 4041 ,lumen
1266 3974 1406 4029 naturalea

260 4065 312 4120 wie
331 4064 400 4118 oben
417 4062 633 4118 untersclrieden.
659 4064 731 4118 Med.
744 4064 770 4119 V
782 4064 818 4134 (p.
834 4064 896 4132 172)
908 4067 972 4132 sagt
983 4065 1016 4121 D.
1029 4066 1134 4119 anstett
1148 4065 1255 4130 ,lumen
1267 4062 1406 4118 naturalel

264 4155 403 4221 ,naturam
416 4151 513 4206 entis“.
534 4151 699 4207 Aueserdem
713 4151 841 4207 bedentet
856 4156 981 4219 ,natura“
998 4153 1041 4207 die
1053 4152 1328 4220 Zneammeniassung
1340 4146 1411 4207 aller
