<?xml version="1.0" encoding="UTF-8"?>
<!DOCTYPE html PUBLIC "-//W3C//DTD XHTML 1.0 Transitional//EN"
    "http://www.w3.org/TR/xhtml1/DTD/xhtml1-transitional.dtd">
<html xmlns="http://www.w3.org/1999/xhtml" xml:lang="en" lang="en">
 <head>
  <title>
</title>
<meta http-equiv="Content-Type" content="text/html;charset=utf-8" />
  <meta name='ocr-system' content='tesseract 3.04.00' />
  <meta name='ocr-capabilities' content='ocr_page ocr_carea ocr_par ocr_line ocrx_word'/>
</head>
<body>
  <div class='ocr_page' id='page_1' title='image "./meditationesdep01gtgoog_0080.png"; bbox 0 0 3212 4872; ppageno 0'>
   <div class='ocr_carea' id='block_1_1' title="bbox 273 358 989 426">
    <p class='ocr_par' dir='ltr' id='par_1_1' title="bbox 273 358 989 426">
     <span class='ocr_line' id='line_1_1' title="bbox 273 358 989 426; baseline 0.001 -15"><span class='ocrx_word' id='word_1_1' title='bbox 273 364 313 426; x_wconf 83' lang='grc'>68</span> <span class='ocrx_word' id='word_1_2' title='bbox 701 358 841 414; x_wconf 86' lang='lat' dir='ltr'>Meditatio</span> <span class='ocrx_word' id='word_1_3' title='bbox 859 359 989 413; x_wconf 85' lang='lat' dir='ltr'>Secunda.</span> 
     </span>
    </p>
   </div>
   <div class='ocr_carea' id='block_1_2' title="bbox 265 555 1419 3294">
    <p class='ocr_par' dir='ltr' id='par_1_2' title="bbox 265 555 1419 3294">
     <span class='ocr_line' id='line_1_2' title="bbox 272 555 1419 640; baseline 0.002 -18"><span class='ocrx_word' id='word_1_4' title='bbox 272 557 425 640; x_wconf 87' lang='lat' dir='ltr'>Suppono</span> <span class='ocrx_word' id='word_1_5' title='bbox 457 555 561 638; x_wconf 82' lang='lat' dir='ltr'>igitur</span> <span class='ocrx_word' id='word_1_6' title='bbox 590 555 701 620; x_wconf 90' lang='lat' dir='ltr'>omnia</span> <span class='ocrx_word' id='word_1_7' title='bbox 732 576 816 637; x_wconf 88' lang='lat' dir='ltr'>quae</span> <span class='ocrx_word' id='word_1_8' title='bbox 848 555 945 622; x_wconf 88' lang='lat' dir='ltr'>video</span> <span class='ocrx_word' id='word_1_9' title='bbox 975 556 1062 622; x_wconf 86' lang='lat' dir='ltr'>falsa</span> <span class='ocrx_word' id='word_1_10' title='bbox 1092 577 1176 639; x_wconf 88' lang='lat' dir='ltr'>esse,</span> <span class='ocrx_word' id='word_1_11' title='bbox 1207 558 1306 624; x_wconf 90' lang='lat' dir='ltr'>credo</span> <span class='ocrx_word' id='word_1_12' title='bbox 1337 559 1419 624; x_wconf 89' lang='lat' dir='ltr'><strong>nihil</strong></span> 
     </span>
     <span class='ocr_line' id='line_1_3' title="bbox 272 671 1418 758; baseline 0.003 -21"><span class='ocrx_word' id='word_1_13' title='bbox 272 692 416 754; x_wconf 90' lang='lat' dir='ltr'>unquam</span> <span class='ocrx_word' id='word_1_14' title='bbox 432 671 587 737; x_wconf 76' lang='lat' dir='ltr'><strong>extitisse</strong></span> <span class='ocrx_word' id='word_1_15' title='bbox 603 690 717 737; x_wconf 90' lang='lat' dir='ltr'>eorum</span> <span class='ocrx_word' id='word_1_16' title='bbox 734 692 819 754; x_wconf 88' lang='lat' dir='ltr'>quae</span> <span class='ocrx_word' id='word_1_17' title='bbox 836 671 981 737; x_wconf 87' lang='lat' dir='ltr'>mendax</span> <span class='ocrx_word' id='word_1_18' title='bbox 999 672 1159 738; x_wconf 88' lang='lat' dir='ltr'>memoria</span> <span class='ocrx_word' id='word_1_19' title='bbox 1174 678 1418 758; x_wconf 87' lang='lat' dir='ltr'>repraesentat,</span> 
     </span>
     <span class='ocr_line' id='line_1_4' title="bbox 272 786 1418 871; baseline 0.004 -20"><span class='ocrx_word' id='word_1_20' title='bbox 272 787 376 853; x_wconf 91' lang='lat' dir='ltr'>nullos</span> <span class='ocrx_word' id='word_1_21' title='bbox 399 787 497 871; x_wconf 88' lang='lat' dir='ltr'>plane</span> <span class='ocrx_word' id='word_1_22' title='bbox 520 786 627 851; x_wconf 87' lang='lat' dir='ltr'>habeo</span> <span class='ocrx_word' id='word_1_23' title='bbox 651 808 783 865; x_wconf 63' lang='lat' dir='ltr'>sensum</span> <span class='ocrx_word' id='word_1_24' title='bbox 814 807 943 871; x_wconf 88' lang='lat' dir='ltr'>corpus,</span> <span class='ocrx_word' id='word_1_25' title='bbox 968 789 1085 870; x_wconf 85' lang='lat' dir='ltr'>figura,</span> <span class='ocrx_word' id='word_1_26' title='bbox 1110 789 1272 870; x_wconf 76' lang='lat' dir='ltr'>extensio,</span> <span class='ocrx_word' id='word_1_27' title='bbox 1297 794 1418 870; x_wconf 82' lang='grc'><strong>133133,</strong></span> 
     </span>
     <span class='ocr_line' id='line_1_5' title="bbox 270 901 1419 984; baseline 0.003 -17"><span class='ocrx_word' id='word_1_28' title='bbox 270 904 426 984; x_wconf 90' lang='lat' dir='ltr'>locusque</span> <span class='ocrx_word' id='word_1_29' title='bbox 449 906 528 968; x_wconf 90' lang='lat' dir='ltr'>sunt</span> <span class='ocrx_word' id='word_1_30' title='bbox 550 903 767 983; x_wconf 76' lang='lat' dir='ltr'>chimerae;⁶)</span> <span class='ocrx_word' id='word_1_31' title='bbox 791 901 869 984; x_wconf 90' lang='lat' dir='ltr'>quid</span> <span class='ocrx_word' id='word_1_32' title='bbox 892 901 995 984; x_wconf 86' lang='lat' dir='ltr'>igitur</span> <span class='ocrx_word' id='word_1_33' title='bbox 1021 904 1086 970; x_wconf 92' lang='lat' dir='ltr'>erit</span> <span class='ocrx_word' id='word_1_34' title='bbox 1102 910 1240 970; x_wconf 80' lang='lat' dir='ltr'>verum?</span> <span class='ocrx_word' id='word_1_35' title='bbox 1263 905 1419 970; x_wconf 75' lang='lat' dir='ltr'>fortassis</span> 
     </span>
     <span class='ocr_line' id='line_1_6' title="bbox 270 1016 1418 1094; baseline 0.003 -12"><span class='ocrx_word' id='word_1_36' title='bbox 270 1018 332 1084; x_wconf 91' lang='lat' dir='ltr'>hoo</span> <span class='ocrx_word' id='word_1_37' title='bbox 355 1039 465 1094; x_wconf 88' lang='lat' dir='ltr'>unum,</span> <span class='ocrx_word' id='word_1_38' title='bbox 489 1016 573 1082; x_wconf 92' lang='lat' dir='ltr'>nihil</span> <span class='ocrx_word' id='word_1_39' title='bbox 601 1038 674 1083; x_wconf 89' lang='lat' dir='ltr'>esse</span> <span class='ocrx_word' id='word_1_40' title='bbox 699 1017 792 1082; x_wconf 89' lang='lat' dir='ltr'>certi.</span> <span class='ocrx_word' id='word_1_41' title='bbox 839 1017 904 1083; x_wconf 83' lang='lat' dir='ltr'>Sed</span> <span class='ocrx_word' id='word_1_42' title='bbox 934 1017 1021 1082; x_wconf 88' lang='lat' dir='ltr'>unde</span> <span class='ocrx_word' id='word_1_43' title='bbox 1052 1019 1120 1085; x_wconf 88' lang='lat' dir='ltr'>scio</span> <span class='ocrx_word' id='word_1_44' title='bbox 1151 1019 1233 1084; x_wconf 88' lang='lat' dir='ltr'>nihil</span> <span class='ocrx_word' id='word_1_45' title='bbox 1265 1041 1338 1086; x_wconf 88' lang='lat' dir='ltr'>esse</span> <span class='ocrx_word' id='word_1_46' title='bbox 1369 1021 1418 1086; x_wconf 89' lang='lat' dir='ltr'>di-</span> 
     </span>
     <span class='ocr_line' id='line_1_7' title="bbox 271 1131 1416 1218; baseline 0.003 -20"><span class='ocrx_word' id='word_1_47' title='bbox 271 1155 402 1199; x_wconf 89' lang='lat' dir='ltr'>versum</span> <span class='ocrx_word' id='word_1_48' title='bbox 427 1133 469 1197; x_wconf 91' lang='lat' dir='ltr'>ab</span> <span class='ocrx_word' id='word_1_49' title='bbox 493 1131 534 1196; x_wconf 92' lang='lat' dir='ltr'>iis</span> <span class='ocrx_word' id='word_1_50' title='bbox 557 1131 709 1197; x_wconf 91' lang='lat' dir='ltr'>omnibus</span> <span class='ocrx_word' id='word_1_51' title='bbox 734 1153 819 1214; x_wconf 88' lang='lat' dir='ltr'>quae</span> <span class='ocrx_word' id='word_1_52' title='bbox 850 1133 984 1198; x_wconf 89' lang='lat' dir='ltr'>iamiam</span> <span class='ocrx_word' id='word_1_53' title='bbox 1016 1135 1178 1215; x_wconf 88' lang='lat' dir='ltr'>recensui,</span> <span class='ocrx_word' id='word_1_54' title='bbox 1210 1135 1250 1201; x_wconf 90' lang='lat' dir='ltr'>de</span> <span class='ocrx_word' id='word_1_55' title='bbox 1281 1157 1344 1218; x_wconf 94' lang='lat' dir='ltr'>quo</span> <span class='ocrx_word' id='word_1_56' title='bbox 1375 1158 1416 1202; x_wconf 90' lang='lat' dir='ltr'>ne</span> 
     </span>
     <span class='ocr_line' id='line_1_8' title="bbox 271 1247 1418 1334; baseline 0.003 -22"><span class='ocrx_word' id='word_1_57' title='bbox 271 1248 407 1313; x_wconf 89' lang='lat' dir='ltr'>minima</span> <span class='ocrx_word' id='word_1_58' title='bbox 430 1247 562 1329; x_wconf 90' lang='lat' dir='ltr'>quidem</span> <span class='ocrx_word' id='word_1_59' title='bbox 587 1247 716 1314; x_wconf 82' lang='lat' dir='ltr'>occasio</span> <span class='ocrx_word' id='word_1_60' title='bbox 741 1248 786 1313; x_wconf 92' lang='lat' dir='ltr'>sit</span> <span class='ocrx_word' id='word_1_61' title='bbox 809 1248 1002 1314; x_wconf 75' lang='lat' dir='ltr'>dubitandi?</span> <span class='ocrx_word' id='word_1_62' title='bbox 1041 1250 1200 1332; x_wconf 90' lang='lat' dir='ltr'>Nunquid</span> <span class='ocrx_word' id='word_1_63' title='bbox 1225 1254 1276 1317; x_wconf 90' lang='lat' dir='ltr'>est</span> <span class='ocrx_word' id='word_1_64' title='bbox 1300 1251 1418 1334; x_wconf 88' lang='lat' dir='ltr'>aliquis</span> 
     </span>
     <span class='ocr_line' id='line_1_9' title="bbox 266 1363 1416 1447; baseline 0.003 -19"><span class='ocrx_word' id='word_1_65' title='bbox 266 1364 370 1445; x_wconf 74' lang='lat' dir='ltr'>Deus²</span> <span class='ocrx_word' id='word_1_66' title='bbox 404 1363 458 1428; x_wconf 92' lang='lat' dir='ltr'>vel</span> <span class='ocrx_word' id='word_1_67' title='bbox 491 1384 684 1445; x_wconf 89' lang='lat' dir='ltr'>quocunque</span> <span class='ocrx_word' id='word_1_68' title='bbox 717 1363 849 1429; x_wconf 89' lang='lat' dir='ltr'>nornine</span> <span class='ocrx_word' id='word_1_69' title='bbox 878 1363 968 1428; x_wconf 91' lang='lat' dir='ltr'>illum</span> <span class='ocrx_word' id='word_1_70' title='bbox 1001 1386 1126 1445; x_wconf 89' lang='lat' dir='ltr'>vocem,</span> <span class='ocrx_word' id='word_1_71' title='bbox 1158 1365 1213 1447; x_wconf 92' lang='lat' dir='ltr'>qui</span> <span class='ocrx_word' id='word_1_72' title='bbox 1244 1366 1324 1431; x_wconf 92' lang='lat' dir='ltr'>mihi</span> <span class='ocrx_word' id='word_1_73' title='bbox 1355 1367 1416 1432; x_wconf 91' lang='lat' dir='ltr'>has</span> 
     </span>
     <span class='ocr_line' id='line_1_10' title="bbox 270 1478 1416 1566; baseline 0.003 -23"><span class='ocrx_word' id='word_1_74' title='bbox 270 1479 361 1565; x_wconf 89' lang='lat' dir='ltr'>ipsas</span> <span class='ocrx_word' id='word_1_75' title='bbox 390 1478 612 1560; x_wconf 85' lang='lat' dir='ltr'>cogitationes</span> <span class='ocrx_word' id='word_1_76' title='bbox 646 1479 819 1545; x_wconf 77' lang='lat' dir='ltr'>immittit?</span> <span class='ocrx_word' id='word_1_77' title='bbox 852 1499 954 1562; x_wconf 88' lang='lat' dir='ltr'>quare</span> <span class='ocrx_word' id='word_1_78' title='bbox 985 1499 1065 1544; x_wconf 90' lang='lat' dir='ltr'>vero</span> <span class='ocrx_word' id='word_1_79' title='bbox 1095 1479 1157 1546; x_wconf 90' lang='lat' dir='ltr'>hoc</span> <span class='ocrx_word' id='word_1_80' title='bbox 1187 1485 1311 1566; x_wconf 82' lang='lat' dir='ltr'>putam,</span> <span class='ocrx_word' id='word_1_81' title='bbox 1342 1486 1416 1547; x_wconf 82' lang='lat' dir='ltr'>cum</span> 
     </span>
     <span class='ocr_line' id='line_1_11' title="bbox 269 1594 1415 1680; baseline 0.002 -19"><span class='ocrx_word' id='word_1_82' title='bbox 269 1598 384 1663; x_wconf 81' lang='lat' dir='ltr'><strong>forsan</strong></span> <span class='ocrx_word' id='word_1_83' title='bbox 407 1595 550 1679; x_wconf 89' lang='lat' dir='ltr'>ipsemet</span> <span class='ocrx_word' id='word_1_84' title='bbox 573 1594 702 1660; x_wconf 88' lang='lat' dir='ltr'>illarum</span> <span class='ocrx_word' id='word_1_85' title='bbox 727 1594 847 1660; x_wconf 85' lang='lat' dir='ltr'>author</span> <span class='ocrx_word' id='word_1_86' title='bbox 871 1615 944 1660; x_wconf 87' lang='lat' dir='ltr'>esse</span> <span class='ocrx_word' id='word_1_87' title='bbox 968 1594 1112 1678; x_wconf 75' lang='lat' dir='ltr'>possim?</span> <span class='ocrx_word' id='word_1_88' title='bbox 1154 1596 1312 1679; x_wconf 89' lang='lat' dir='ltr'>Nunquid</span> <span class='ocrx_word' id='word_1_89' title='bbox 1336 1619 1415 1680; x_wconf 87' lang='lat' dir='ltr'>ergo</span> 
     </span>
     <span class='ocr_line' id='line_1_12' title="bbox 269 1709 1416 1793; baseline 0.002 -17"><span class='ocrx_word' id='word_1_90' title='bbox 269 1713 387 1777; x_wconf 87' lang='lat' dir='ltr'>saltem</span> <span class='ocrx_word' id='word_1_91' title='bbox 419 1731 481 1793; x_wconf 84' lang='lat' dir='ltr'>ego</span> <span class='ocrx_word' id='word_1_92' title='bbox 513 1710 636 1792; x_wconf 89' lang='lat' dir='ltr'>aliquid</span> <span class='ocrx_word' id='word_1_93' title='bbox 664 1709 757 1775; x_wconf 69' lang='lat' dir='ltr'>sum?</span> <span class='ocrx_word' id='word_1_94' title='bbox 788 1710 846 1774; x_wconf 88' lang='lat' dir='ltr'>sed</span> <span class='ocrx_word' id='word_1_95' title='bbox 874 1709 941 1774; x_wconf 89' lang='lat' dir='ltr'>iam</span> <span class='ocrx_word' id='word_1_96' title='bbox 964 1710 1086 1792; x_wconf 84' lang='lat' dir='ltr'>negavi</span> <span class='ocrx_word' id='word_1_97' title='bbox 1110 1731 1163 1776; x_wconf 89' lang='lat' dir='ltr'>me</span> <span class='ocrx_word' id='word_1_98' title='bbox 1185 1712 1310 1779; x_wconf 90' lang='lat' dir='ltr'>habere</span> <span class='ocrx_word' id='word_1_99' title='bbox 1333 1714 1416 1778; x_wconf 88' lang='lat' dir='ltr'>ullos</span> 
     </span>
     <span class='ocr_line' id='line_1_13' title="bbox 269 1825 1415 1909; baseline 0.002 -17"><span class='ocrx_word' id='word_1_100' title='bbox 269 1848 396 1906; x_wconf 79' lang='lat' dir='ltr'>sensae,</span> <span class='ocrx_word' id='word_1_101' title='bbox 427 1830 462 1892; x_wconf 90' lang='lat' dir='ltr'>et</span> <span class='ocrx_word' id='word_1_102' title='bbox 493 1827 594 1891; x_wconf 90' lang='lat' dir='ltr'>ullum</span> <span class='ocrx_word' id='word_1_103' title='bbox 625 1847 759 1909; x_wconf 79' lang='lat' dir='ltr'>eorpus3</span> <span class='ocrx_word' id='word_1_104' title='bbox 794 1825 915 1891; x_wconf 79' lang='lat' dir='ltr'>haereo</span> <span class='ocrx_word' id='word_1_105' title='bbox 945 1828 1070 1905; x_wconf 89' lang='lat' dir='ltr'>tamen,</span> <span class='ocrx_word' id='word_1_106' title='bbox 1101 1847 1180 1891; x_wconf 89' lang='lat' dir='ltr'>uam</span> <span class='ocrx_word' id='word_1_107' title='bbox 1210 1827 1288 1909; x_wconf 89' lang='lat' dir='ltr'>quid</span> <span class='ocrx_word' id='word_1_108' title='bbox 1317 1827 1415 1894; x_wconf 78' lang='lat' dir='ltr'>inde?</span> 
     </span>
     <span class='ocr_line' id='line_1_14' title="bbox 269 1940 1415 2025; baseline 0.001 -17"><span class='ocrx_word' id='word_1_109' title='bbox 269 1964 384 2008; x_wconf 87' lang='lat' dir='ltr'>sumne</span> <span class='ocrx_word' id='word_1_110' title='bbox 412 1942 461 2008; x_wconf 89' lang='lat' dir='ltr'>ita</span> <span class='ocrx_word' id='word_1_111' title='bbox 489 1941 628 2025; x_wconf 88' lang='lat' dir='ltr'>corpori,</span> <span class='ocrx_word' id='word_1_112' title='bbox 659 1941 876 2022; x_wconf 82' lang='lat' dir='ltr'>sensibusque</span> <span class='ocrx_word' id='word_1_113' title='bbox 905 1940 1060 2022; x_wconf 85' lang='lat' dir='ltr'>alligatus</span> <span class='ocrx_word' id='word_1_114' title='bbox 1089 1945 1127 2007; x_wconf 90' lang='lat' dir='ltr'>ut</span> <span class='ocrx_word' id='word_1_115' title='bbox 1154 1941 1225 2008; x_wconf 88' lang='lat' dir='ltr'>sine</span> <span class='ocrx_word' id='word_1_116' title='bbox 1248 1941 1314 2007; x_wconf 92' lang='lat' dir='ltr'>illis</span> <span class='ocrx_word' id='word_1_117' title='bbox 1340 1965 1415 2009; x_wconf 87' lang='lat' dir='ltr'>esse</span> 
     </span>
     <span class='ocr_line' id='line_1_15' title="bbox 268 2055 1414 2142; baseline 0.001 -20"><span class='ocrx_word' id='word_1_118' title='bbox 268 2080 333 2124; x_wconf 95' lang='lat' dir='ltr'>non</span> <span class='ocrx_word' id='word_1_119' title='bbox 356 2058 501 2142; x_wconf 76' lang='lat' dir='ltr'>possim?</span> <span class='ocrx_word' id='word_1_120' title='bbox 532 2056 591 2122; x_wconf 88' lang='lat' dir='ltr'>sed</span> <span class='ocrx_word' id='word_1_121' title='bbox 621 2055 702 2120; x_wconf 88' lang='lat' dir='ltr'>mihi</span> <span class='ocrx_word' id='word_1_122' title='bbox 726 2055 876 2140; x_wconf 86' lang='lat' dir='ltr'>persuasi</span> <span class='ocrx_word' id='word_1_123' title='bbox 900 2055 982 2120; x_wconf 91' lang='lat' dir='ltr'>nihil</span> <span class='ocrx_word' id='word_1_124' title='bbox 1004 2056 1102 2139; x_wconf 88' lang='lat' dir='ltr'>plane</span> <span class='ocrx_word' id='word_1_125' title='bbox 1127 2077 1200 2122; x_wconf 89' lang='lat' dir='ltr'>esse</span> <span class='ocrx_word' id='word_1_126' title='bbox 1224 2057 1258 2121; x_wconf 91' lang='lat' dir='ltr'>in</span> <span class='ocrx_word' id='word_1_127' title='bbox 1282 2059 1414 2139; x_wconf 89' lang='lat' dir='ltr'>mundo,</span> 
     </span>
     <span class='ocr_line' id='line_1_16' title="bbox 269 2171 1415 2257; baseline 0.001 -19"><span class='ocrx_word' id='word_1_128' title='bbox 269 2175 391 2239; x_wconf 89' lang='lat' dir='ltr'>nullum</span> <span class='ocrx_word' id='word_1_129' title='bbox 409 2173 545 2252; x_wconf 89' lang='lat' dir='ltr'>coelum,</span> <span class='ocrx_word' id='word_1_130' title='bbox 570 2171 693 2236; x_wconf 89' lang='lat' dir='ltr'>nullam</span> <span class='ocrx_word' id='word_1_131' title='bbox 709 2175 846 2251; x_wconf 89' lang='lat' dir='ltr'>terram,</span> <span class='ocrx_word' id='word_1_132' title='bbox 871 2171 977 2236; x_wconf 88' lang='lat' dir='ltr'>nullas</span> <span class='ocrx_word' id='word_1_133' title='bbox 993 2174 1133 2251; x_wconf 89' lang='lat' dir='ltr'>mentes,</span> <span class='ocrx_word' id='word_1_134' title='bbox 1155 2172 1245 2238; x_wconf 88' lang='lat' dir='ltr'>nulla</span> <span class='ocrx_word' id='word_1_135' title='bbox 1261 2194 1415 2257; x_wconf 89' lang='lat' dir='ltr'>corpora;</span> 
     </span>
     <span class='ocr_line' id='line_1_17' title="bbox 268 2287 1415 2370; baseline 0 -17"><span class='ocrx_word' id='word_1_136' title='bbox 268 2311 376 2354; x_wconf 90' lang='lat' dir='ltr'>noune</span> <span class='ocrx_word' id='word_1_137' title='bbox 399 2287 502 2370; x_wconf 83' lang='lat' dir='ltr'>igitur</span> <span class='ocrx_word' id='word_1_138' title='bbox 526 2287 628 2353; x_wconf 89' lang='lat' dir='ltr'>etiam</span> <span class='ocrx_word' id='word_1_139' title='bbox 659 2309 712 2352; x_wconf 92' lang='lat' dir='ltr'>me</span> <span class='ocrx_word' id='word_1_140' title='bbox 736 2309 801 2353; x_wconf 91' lang='lat' dir='ltr'>non</span> <span class='ocrx_word' id='word_1_141' title='bbox 825 2293 919 2353; x_wconf 81' lang='lat' dir='ltr'>esse?</span> <span class='ocrx_word' id='word_1_142' title='bbox 949 2287 1014 2353; x_wconf 90' lang='lat' dir='ltr'>imo</span> <span class='ocrx_word' id='word_1_143' title='bbox 1045 2290 1137 2353; x_wconf 90' lang='lat' dir='ltr'>certe</span> <span class='ocrx_word' id='word_1_144' title='bbox 1168 2309 1230 2370; x_wconf 83' lang='lat' dir='ltr'>ego</span> <span class='ocrx_word' id='word_1_145' title='bbox 1262 2310 1353 2355; x_wconf 88' lang='lat' dir='ltr'>eram</span> <span class='ocrx_word' id='word_1_146' title='bbox 1386 2289 1415 2354; x_wconf 93' lang='lat' dir='ltr'>si</span> 
     </span>
     <span class='ocr_line' id='line_1_18' title="bbox 267 2402 1415 2487; baseline 0.001 -18"><span class='ocrx_word' id='word_1_147' title='bbox 267 2404 345 2486; x_wconf 89' lang='lat' dir='ltr'>quid</span> <span class='ocrx_word' id='word_1_148' title='bbox 368 2403 449 2468; x_wconf 91' lang='lat' dir='ltr'>mihi</span> <span class='ocrx_word' id='word_1_149' title='bbox 472 2403 639 2487; x_wconf 84' lang='lat' dir='ltr'>persuasi:</span> <span class='ocrx_word' id='word_1_150' title='bbox 671 2402 730 2468; x_wconf 91' lang='lat' dir='ltr'>sed</span> <span class='ocrx_word' id='word_1_151' title='bbox 760 2405 812 2467; x_wconf 90' lang='lat' dir='ltr'>est</span> <span class='ocrx_word' id='word_1_152' title='bbox 842 2402 1000 2487; x_wconf 89' lang='lat' dir='ltr'>deceptor</span> <span class='ocrx_word' id='word_1_153' title='bbox 1029 2403 1140 2468; x_wconf 86' lang='lat' dir='ltr'>neseio</span> <span class='ocrx_word' id='word_1_154' title='bbox 1172 2403 1255 2486; x_wconf 88' lang='lat' dir='ltr'>quis,</span> <span class='ocrx_word' id='word_1_155' title='bbox 1287 2426 1415 2470; x_wconf 89' lang='lat' dir='ltr'>summe</span> 
     </span>
     <span class='ocr_line' id='line_1_19' title="bbox 266 2517 1413 2604; baseline 0.001 -20"><span class='ocrx_word' id='word_1_156' title='bbox 266 2522 395 2602; x_wconf 80' lang='lat' dir='ltr'>potone,</span> <span class='ocrx_word' id='word_1_157' title='bbox 428 2539 554 2584; x_wconf 88' lang='lat' dir='ltr'>summo</span> <span class='ocrx_word' id='word_1_158' title='bbox 585 2519 722 2583; x_wconf 87' lang='lat' dir='ltr'>callidus</span> <span class='ocrx_word' id='word_1_159' title='bbox 751 2518 805 2600; x_wconf 89' lang='lat' dir='ltr'>qui</span> <span class='ocrx_word' id='word_1_160' title='bbox 830 2519 870 2582; x_wconf 88' lang='lat' dir='ltr'>de</span> <span class='ocrx_word' id='word_1_161' title='bbox 893 2517 1058 2583; x_wconf 81' lang='lat' dir='ltr'>industria</span> <span class='ocrx_word' id='word_1_162' title='bbox 1080 2539 1133 2584; x_wconf 87' lang='grc'>133</span> <span class='ocrx_word' id='word_1_163' title='bbox 1157 2540 1289 2604; x_wconf 86' lang='lat' dir='ltr'>semper</span> <span class='ocrx_word' id='word_1_164' title='bbox 1311 2519 1413 2598; x_wconf 78' lang='lat' dir='ltr'>fallit3</span> 
     </span>
     <span class='ocr_line' id='line_1_20' title="bbox 268 2633 1414 2716; baseline 0.002 -18"><span class='ocrx_word' id='word_1_165' title='bbox 268 2635 354 2698; x_wconf 88' lang='lat' dir='ltr'>haud</span> <span class='ocrx_word' id='word_1_166' title='bbox 389 2634 486 2699; x_wconf 88' lang='lat' dir='ltr'>dubie</span> <span class='ocrx_word' id='word_1_167' title='bbox 519 2633 622 2715; x_wconf 82' lang='lat' dir='ltr'>igitur</span> <span class='ocrx_word' id='word_1_168' title='bbox 653 2654 714 2715; x_wconf 84' lang='lat' dir='ltr'>ego</span> <span class='ocrx_word' id='word_1_169' title='bbox 746 2634 847 2698; x_wconf 88' lang='lat' dir='ltr'>etiam</span> <span class='ocrx_word' id='word_1_170' title='bbox 878 2655 950 2698; x_wconf 87' lang='lat' dir='ltr'>sum</span> <span class='ocrx_word' id='word_1_171' title='bbox 982 2635 1010 2698; x_wconf 91' lang='lat' dir='ltr'>si</span> <span class='ocrx_word' id='word_1_172' title='bbox 1041 2655 1093 2700; x_wconf 87' lang='lat' dir='ltr'>me</span> <span class='ocrx_word' id='word_1_173' title='bbox 1125 2634 1221 2716; x_wconf 89' lang='lat' dir='ltr'>fallit,</span> <span class='ocrx_word' id='word_1_174' title='bbox 1252 2638 1287 2700; x_wconf 91' lang='lat' dir='ltr'>et</span> <span class='ocrx_word' id='word_1_175' title='bbox 1317 2635 1414 2700; x_wconf 86' lang='lat' dir='ltr'>fallat</span> 
     </span>
     <span class='ocr_line' id='line_1_21' title="bbox 268 2749 1415 2833; baseline 0.001 -19"><span class='ocrx_word' id='word_1_176' title='bbox 268 2753 427 2832; x_wconf 89' lang='lat' dir='ltr'>quantum</span> <span class='ocrx_word' id='word_1_177' title='bbox 450 2751 572 2833; x_wconf 87' lang='lat' dir='ltr'>potest,</span> <span class='ocrx_word' id='word_1_178' title='bbox 597 2769 765 2830; x_wconf 86' lang='lat' dir='ltr'>nunquam</span> <span class='ocrx_word' id='word_1_179' title='bbox 789 2752 903 2814; x_wconf 90' lang='lat' dir='ltr'>tamen</span> <span class='ocrx_word' id='word_1_180' title='bbox 928 2749 1051 2815; x_wconf 85' lang='lat' dir='ltr'>efficiet</span> <span class='ocrx_word' id='word_1_181' title='bbox 1069 2753 1107 2815; x_wconf 92' lang='lat' dir='ltr'>ut</span> <span class='ocrx_word' id='word_1_182' title='bbox 1123 2750 1203 2814; x_wconf 92' lang='lat' dir='ltr'>nihil</span> <span class='ocrx_word' id='word_1_183' title='bbox 1221 2749 1283 2814; x_wconf 88' lang='lat' dir='ltr'>sim</span> <span class='ocrx_word' id='word_1_184' title='bbox 1300 2771 1415 2832; x_wconf 90' lang='lat' dir='ltr'>quam-</span> 
     </span>
     <span class='ocr_line' id='line_1_22' title="bbox 267 2862 1417 2954; baseline 0 -25"><span class='ocrx_word' id='word_1_185' title='bbox 267 2865 322 2930; x_wconf 93' lang='lat' dir='ltr'>diu</span> <span class='ocrx_word' id='word_1_186' title='bbox 346 2886 398 2954; x_wconf 88' lang='grc'>133</span> <span class='ocrx_word' id='word_1_187' title='bbox 422 2862 545 2946; x_wconf 90' lang='lat' dir='ltr'>aliquid</span> <span class='ocrx_word' id='word_1_188' title='bbox 568 2885 643 2930; x_wconf 88' lang='lat' dir='ltr'>esse</span> <span class='ocrx_word' id='word_1_189' title='bbox 667 2864 835 2946; x_wconf 86' lang='lat' dir='ltr'>cogitabo:</span> <span class='ocrx_word' id='word_1_190' title='bbox 861 2865 943 2930; x_wconf 90' lang='lat' dir='ltr'>adeo</span> <span class='ocrx_word' id='word_1_191' title='bbox 967 2868 1005 2929; x_wconf 91' lang='lat' dir='ltr'>ut</span> <span class='ocrx_word' id='word_1_192' title='bbox 1028 2864 1180 2930; x_wconf 89' lang='lat' dir='ltr'>omnibus</span> <span class='ocrx_word' id='word_1_193' title='bbox 1201 2865 1284 2930; x_wconf 89' lang='lat' dir='ltr'>satis</span> <span class='ocrx_word' id='word_1_194' title='bbox 1300 2887 1417 2950; x_wconf 90' lang='lat' dir='ltr'>super-</span> 
     </span>
     <span class='ocr_line' id='line_1_23' title="bbox 267 2978 1414 3064; baseline 0.001 -19"><span class='ocrx_word' id='word_1_195' title='bbox 267 3001 330 3062; x_wconf 93' lang='lat' dir='ltr'>que</span> <span class='ocrx_word' id='word_1_196' title='bbox 353 2978 531 3064; x_wconf 88' lang='lat' dir='ltr'>pensitatis</span> <span class='ocrx_word' id='word_1_197' title='bbox 562 2979 703 3061; x_wconf 91' lang='lat' dir='ltr'>denique</span> <span class='ocrx_word' id='word_1_198' title='bbox 734 2981 948 3049; x_wconf 85' lang='lat' dir='ltr'>statuendum</span> <span class='ocrx_word' id='word_1_199' title='bbox 980 2981 1025 3045; x_wconf 89' lang='lat' dir='ltr'>sit</span> <span class='ocrx_word' id='word_1_200' title='bbox 1055 2981 1117 3046; x_wconf 88' lang='lat' dir='ltr'>hoo</span> <span class='ocrx_word' id='word_1_201' title='bbox 1148 2982 1414 3064; x_wconf 82' lang='lat' dir='ltr'>pronuntiatum3</span> 
     </span>
     <span class='ocr_line' id='line_1_24' title="bbox 265 3071 1414 3178; baseline 0.001 -17"><span class='ocrx_word' id='word_1_202' title='bbox 265 3096 337 3177; x_wconf 77' lang='lat' dir='ltr'>Ego</span> <span class='ocrx_word' id='word_1_203' title='bbox 369 3071 452 3174; x_wconf 77' lang='lat' dir='ltr'>suin,</span> <span class='ocrx_word' id='word_1_204' title='bbox 484 3115 546 3176; x_wconf 84' lang='lat' dir='ltr'>ego</span> <span class='ocrx_word' id='word_1_205' title='bbox 579 3095 698 3174; x_wconf 86' lang='lat' dir='ltr'>existo,</span> <span class='ocrx_word' id='word_1_206' title='bbox 730 3094 860 3175; x_wconf 88' lang='lat' dir='ltr'>quoties</span> <span class='ocrx_word' id='word_1_207' title='bbox 889 3115 985 3160; x_wconf 89' lang='lat' dir='ltr'>ame</span> <span class='ocrx_word' id='word_1_208' title='bbox 1008 3097 1187 3178; x_wconf 85' lang='lat' dir='ltr'>profertur,</span> <span class='ocrx_word' id='word_1_209' title='bbox 1220 3097 1272 3161; x_wconf 87' lang='lat' dir='ltr'>vel</span> <span class='ocrx_word' id='word_1_210' title='bbox 1303 3100 1414 3162; x_wconf 90' lang='lat' dir='ltr'>mente</span> 
     </span>
     <span class='ocr_line' id='line_1_25' title="bbox 266 3209 1415 3294; baseline 0.001 -19"><span class='ocrx_word' id='word_1_211' title='bbox 266 3210 460 3293; x_wconf 88' lang='lat' dir='ltr'>concipitur,</span> <span class='ocrx_word' id='word_1_212' title='bbox 494 3209 682 3274; x_wconf 88' lang='lat' dir='ltr'>necessario</span> <span class='ocrx_word' id='word_1_213' title='bbox 716 3231 790 3275; x_wconf 88' lang='lat' dir='ltr'>esse</span> <span class='ocrx_word' id='word_1_214' title='bbox 823 3211 980 3294; x_wconf 78' lang='lat' dir='ltr'>verum.⁷)</span> <span class='ocrx_word' id='word_1_215' title='bbox 1034 3210 1189 3276; x_wconf 87' lang='lat' dir='ltr'>Nondum</span> <span class='ocrx_word' id='word_1_216' title='bbox 1221 3232 1300 3277; x_wconf 89' lang='lat' dir='ltr'>vero</span> <span class='ocrx_word' id='word_1_217' title='bbox 1330 3212 1415 3277; x_wconf 88' lang='lat' dir='ltr'>satis</span> 
     </span>
    </p>
   </div>
   <div class='ocr_carea' id='block_1_3' title="bbox 264 3374 1415 3890">
    <p class='ocr_par' dir='ltr' id='par_1_3' title="bbox 265 3374 1415 3620">
     <span class='ocr_line' id='line_1_26' title="bbox 375 3374 1415 3446; baseline 0.003 -16"><span class='ocrx_word' id='word_1_218' title='bbox 375 3376 396 3444; x_wconf 70' lang='grc'>8)</span> <span class='ocrx_word' id='word_1_219' title='bbox 419 3374 509 3430; x_wconf 88' lang='lat' dir='ltr'>Ueber</span> <span class='ocrx_word' id='word_1_220' title='bbox 530 3377 572 3429; x_wconf 89' lang='lat' dir='ltr'>die</span> <span class='ocrx_word' id='word_1_221' title='bbox 595 3375 745 3430; x_wconf 78' lang='grc'><strong>03113313</strong></span> <span class='ocrx_word' id='word_1_222' title='bbox 770 3376 811 3430; x_wconf 84' lang='grc'>313</span> <span class='ocrx_word' id='word_1_223' title='bbox 836 3377 958 3431; x_wconf 79' lang='lat' dir='ltr'>Sinnbild</span> <span class='ocrx_word' id='word_1_224' title='bbox 982 3379 1030 3431; x_wconf 88' lang='lat' dir='ltr'>der</span> <span class='ocrx_word' id='word_1_225' title='bbox 1054 3377 1229 3446; x_wconf 84' lang='lat' dir='ltr'>Niohtigkeit,</span> <span class='ocrx_word' id='word_1_226' title='bbox 1255 3378 1311 3446; x_wconf 86' lang='lat' dir='ltr'>vgl.</span> <span class='ocrx_word' id='word_1_227' title='bbox 1332 3379 1415 3433; x_wconf 85' lang='lat' dir='ltr'>Bau·</span> 
     </span>
     <span class='ocr_line' id='line_1_27' title="bbox 265 3463 1414 3536; baseline 0.002 -18"><span class='ocrx_word' id='word_1_228' title='bbox 265 3467 412 3529; x_wconf 85' lang='lat' dir='ltr'>meister,</span> <span class='ocrx_word' id='word_1_229' title='bbox 432 3463 599 3518; x_wconf 70' lang='lat' dir='ltr'>Denkmtler</span> <span class='ocrx_word' id='word_1_230' title='bbox 612 3465 660 3518; x_wconf 88' lang='lat' dir='ltr'>des</span> <span class='ocrx_word' id='word_1_231' title='bbox 671 3464 844 3518; x_wconf 86' lang='lat' dir='ltr'>klassischen</span> <span class='ocrx_word' id='word_1_232' title='bbox 856 3465 1034 3532; x_wconf 86' lang='lat' dir='ltr'>Alterthums,</span> <span class='ocrx_word' id='word_1_233' title='bbox 1051 3467 1127 3532; x_wconf 84' lang='lat'>1885,</span> <span class='ocrx_word' id='word_1_234' title='bbox 1140 3468 1189 3520; x_wconf 88' lang='lat' dir='ltr'>Bd.</span> <span class='ocrx_word' id='word_1_235' title='bbox 1200 3468 1212 3519; x_wconf 95' lang='lat' dir='ltr'>I</span> <span class='ocrx_word' id='word_1_236' title='bbox 1231 3467 1257 3521; x_wconf 85' lang='lat' dir='ltr'>S.</span> <span class='ocrx_word' id='word_1_237' title='bbox 1269 3469 1329 3522; x_wconf 88' lang='grc'><strong>301.</strong></span> <span class='ocrx_word' id='word_1_238' title='bbox 1350 3467 1414 3536; x_wconf 85' lang='lat' dir='ltr'>Vgl.</span> 
     </span>
     <span class='ocr_line' id='line_1_28' title="bbox 266 3553 907 3620; baseline 0.002 -12"><span class='ocrx_word' id='word_1_239' title='bbox 266 3555 307 3609; x_wconf 89' lang='lat' dir='ltr'>die</span> <span class='ocrx_word' id='word_1_240' title='bbox 320 3553 499 3620; x_wconf 85' lang='lat' dir='ltr'>Anmerkung</span> <span class='ocrx_word' id='word_1_241' title='bbox 517 3571 561 3606; x_wconf 89' lang='lat' dir='ltr'>am</span> <span class='ocrx_word' id='word_1_242' title='bbox 581 3554 656 3607; x_wconf 80' lang='lat' dir='ltr'>Ende</span> <span class='ocrx_word' id='word_1_243' title='bbox 676 3553 723 3606; x_wconf 88' lang='lat' dir='ltr'>der</span> <span class='ocrx_word' id='word_1_244' title='bbox 740 3555 907 3609; x_wconf 87' lang='lat' dir='ltr'>Meditation.</span> 
     </span>
    </p>

    <p class='ocr_par' dir='ltr' id='par_1_4' title="bbox 264 3634 1415 3890">
     <span class='ocr_line' id='line_1_29' title="bbox 375 3634 1414 3713; baseline 0.003 -18"><span class='ocrx_word' id='word_1_245' title='bbox 375 3642 395 3710; x_wconf 70' lang='lat'>¹)</span> <span class='ocrx_word' id='word_1_246' title='bbox 419 3641 566 3696; x_wconf 89' lang='lat' dir='ltr'>Arnauld</span> <span class='ocrx_word' id='word_1_247' title='bbox 589 3642 637 3696; x_wconf 89' lang='lat' dir='ltr'>hat</span> <span class='ocrx_word' id='word_1_248' title='bbox 661 3641 730 3712; x_wconf 86' lang='lat' dir='ltr'>(obj.</span> <span class='ocrx_word' id='word_1_249' title='bbox 744 3643 809 3696; x_wconf 78' lang='lat' dir='ltr'>IVae</span> <span class='ocrx_word' id='word_1_250' title='bbox 832 3643 874 3697; x_wconf 90' lang='lat' dir='ltr'>De</span> <span class='ocrx_word' id='word_1_251' title='bbox 895 3648 993 3698; x_wconf 79' lang='lat' dir='ltr'>notura</span> <span class='ocrx_word' id='word_1_252' title='bbox 1013 3646 1113 3698; x_wconf 87' lang='lat' dir='ltr'>mentis</span> <span class='ocrx_word' id='word_1_253' title='bbox 1134 3634 1279 3713; x_wconf 84' lang='lat' dir='ltr'>humanae)</span> <span class='ocrx_word' id='word_1_254' title='bbox 1302 3645 1351 3698; x_wconf 77' lang='lat' dir='ltr'>auf</span> <span class='ocrx_word' id='word_1_255' title='bbox 1371 3645 1414 3698; x_wconf 88' lang='lat' dir='ltr'>die</span> 
     </span>
     <span class='ocr_line' id='line_1_30' title="bbox 264 3731 1415 3802; baseline 0.001 -16"><span class='ocrx_word' id='word_1_256' title='bbox 264 3731 458 3786; x_wconf 82' lang='lat' dir='ltr'>Aehnlichkeit</span> <span class='ocrx_word' id='word_1_257' title='bbox 471 3731 558 3785; x_wconf 84' lang='lat' dir='ltr'>dieser</span> <span class='ocrx_word' id='word_1_258' title='bbox 567 3731 792 3799; x_wconf 80' lang='lat' dir='ltr'>Argumentation</span> <span class='ocrx_word' id='word_1_259' title='bbox 811 3732 862 3787; x_wconf 89' lang='lat' dir='ltr'>mit</span> <span class='ocrx_word' id='word_1_260' title='bbox 877 3731 954 3802; x_wconf 84' lang='lat' dir='ltr'>jener</span> <span class='ocrx_word' id='word_1_261' title='bbox 971 3733 1015 3786; x_wconf 90' lang='lat' dir='ltr'>bei</span> <span class='ocrx_word' id='word_1_262' title='bbox 1032 3733 1241 3800; x_wconf 85' lang='lat' dir='ltr'>Augustinus</span> <span class='ocrx_word' id='word_1_263' title='bbox 1261 3734 1312 3800; x_wconf 89' lang='lat' dir='ltr'>(De</span> <span class='ocrx_word' id='word_1_264' title='bbox 1330 3733 1415 3787; x_wconf 91' lang='lat' dir='ltr'>libero</span> 
     </span>
     <span class='ocr_line' id='line_1_31' title="bbox 265 3820 1414 3890; baseline 0 -14"><span class='ocrx_word' id='word_1_265' title='bbox 265 3822 381 3886; x_wconf 87' lang='lat' dir='ltr'>arbitrio,</span> <span class='ocrx_word' id='word_1_266' title='bbox 401 3821 418 3874; x_wconf 96' lang='grc'>1.</span> <span class='ocrx_word' id='word_1_267' title='bbox 429 3821 462 3874; x_wconf 91' lang='grc' dir='ltr'>Π.</span> <span class='ocrx_word' id='word_1_268' title='bbox 477 3839 500 3875; x_wconf 90' lang='lat' dir='ltr'>c.</span> <span class='ocrx_word' id='word_1_269' title='bbox 511 3821 535 3875; x_wconf 83' lang='lat'>3.</span> <span class='ocrx_word' id='word_1_270' title='bbox 560 3821 681 3888; x_wconf 84' lang='lat' dir='ltr'>Migne,</span> <span class='ocrx_word' id='word_1_271' title='bbox 699 3820 822 3874; x_wconf 83' lang='grc' dir='ltr'><strong>Το31.32</strong></span> <span class='ocrx_word' id='word_1_272' title='bbox 842 3838 867 3890; x_wconf 90' lang='lat' dir='ltr'>p.</span> <span class='ocrx_word' id='word_1_273' title='bbox 880 3822 958 3888; x_wconf 83' lang='lat'>1243)</span> <span class='ocrx_word' id='word_1_274' title='bbox 983 3822 1175 3890; x_wconf 82' lang='lat' dir='ltr'>hingewiesen.</span> <span class='ocrx_word' id='word_1_275' title='bbox 1209 3823 1240 3875; x_wconf 93' lang='lat' dir='ltr'>In</span> <span class='ocrx_word' id='word_1_276' title='bbox 1259 3823 1311 3876; x_wconf 89' lang='lat' dir='ltr'>den</span> <span class='ocrx_word' id='word_1_277' title='bbox 1332 3823 1414 3888; x_wconf 83' lang='lat' dir='ltr'>„Soli-</span> 
     </span>
    </p>
   </div>
   <div class='ocr_carea' id='block_1_4' title="bbox 188 3909 1413 3980">
    <p class='ocr_par' dir='ltr' id='par_1_5' title="bbox 188 3909 1413 3980">
     <span class='ocr_line' id='line_1_32' title="bbox 188 3909 1413 3980; baseline 0 -16"><span class='ocrx_word' id='word_1_278' title='bbox 188 3961 189 3964; x_wconf 76' lang='grc'>,</span> <span class='ocrx_word' id='word_1_279' title='bbox 264 3912 387 3979; x_wconf 74' lang='lat' dir='ltr'>lequien“</span> <span class='ocrx_word' id='word_1_280' title='bbox 404 3911 456 3974; x_wconf 71' lang='lat' dir='ltr'>ul</span> <span class='ocrx_word' id='word_1_281' title='bbox 476 3910 532 3964; x_wconf 87' lang='lat' dir='ltr'>und</span> <span class='ocrx_word' id='word_1_282' title='bbox 549 3911 578 3963; x_wconf 92' lang='lat' dir='ltr'>in</span> <span class='ocrx_word' id='word_1_283' title='bbox 599 3910 753 3975; x_wconf 57' lang='grc' dir='ltr'>ᾖ1131133113</span> <span class='ocrx_word' id='word_1_284' title='bbox 771 3909 843 3964; x_wconf 83' lang='lat' dir='ltr'>vita“</span> <span class='ocrx_word' id='word_1_285' title='bbox 865 3910 956 3964; x_wconf 88' lang='lat' dir='ltr'>finden</span> <span class='ocrx_word' id='word_1_286' title='bbox 975 3911 1032 3964; x_wconf 90' lang='lat' dir='ltr'>sich</span> <span class='ocrx_word' id='word_1_287' title='bbox 1051 3911 1165 3979; x_wconf 80' lang='lat' dir='ltr'>analoga</span> <span class='ocrx_word' id='word_1_288' title='bbox 1185 3912 1270 3966; x_wconf 71' lang='lat' dir='ltr'>sulze.</span> <span class='ocrx_word' id='word_1_289' title='bbox 1302 3912 1413 3980; x_wconf 87' lang='lat' dir='ltr'>(Migne,</span> 
     </span>
    </p>
   </div>
   <div class='ocr_carea' id='block_1_5' title="bbox 264 3998 1414 4156">
    <p class='ocr_par' dir='ltr' id='par_1_6' title="bbox 264 3998 1414 4156">
     <span class='ocr_line' id='line_1_33' title="bbox 264 3998 1414 4068; baseline 0.001 -15"><span class='ocrx_word' id='word_1_290' title='bbox 264 4001 340 4054; x_wconf 82' lang='lat' dir='ltr'>Tem.</span> <span class='ocrx_word' id='word_1_291' title='bbox 354 4000 396 4052; x_wconf 80' lang='lat'>32.</span> <span class='ocrx_word' id='word_1_292' title='bbox 415 4016 441 4068; x_wconf 89' lang='lat' dir='ltr'>p.</span> <span class='ocrx_word' id='word_1_293' title='bbox 451 3998 503 4052; x_wconf 82' lang='lat'>885</span> <span class='ocrx_word' id='word_1_294' title='bbox 517 4016 578 4068; x_wconf 83' lang='lat' dir='ltr'>up.</span> <span class='ocrx_word' id='word_1_295' title='bbox 589 3999 660 4067; x_wconf 88' lang='grc'><strong>963).</strong></span> <span class='ocrx_word' id='word_1_296' title='bbox 683 3999 744 4052; x_wconf 92' lang='lat' dir='ltr'>Von</span> <span class='ocrx_word' id='word_1_297' title='bbox 756 3999 1006 4061; x_wconf 87' lang='lat' dir='ltr'>mittelalterlichen</span> <span class='ocrx_word' id='word_1_298' title='bbox 1019 3999 1044 4052; x_wconf 91' lang='lat' dir='ltr'>N</span> <span class='ocrx_word' id='word_1_299' title='bbox 1050 4000 1266 4054; x_wconf 86' lang='lat' dir='ltr'>ominalisten</span> <span class='ocrx_word' id='word_1_300' title='bbox 1284 3999 1414 4054; x_wconf 82' lang='lat' dir='ltr'>hommen</span> 
     </span>
     <span class='ocr_line' id='line_1_34' title="bbox 264 4087 1414 4156; baseline 0 -14"><span class='ocrx_word' id='word_1_301' title='bbox 264 4106 296 4142; x_wconf 86' lang='lat' dir='ltr'>zu</span> <span class='ocrx_word' id='word_1_302' title='bbox 309 4087 467 4142; x_wconf 89' lang='lat' dir='ltr'>demselben</span> <span class='ocrx_word' id='word_1_303' title='bbox 476 4087 629 4142; x_wconf 83' lang='lat' dir='ltr'>Resultate:</span> <span class='ocrx_word' id='word_1_304' title='bbox 640 4087 798 4141; x_wconf 92' lang='lat' dir='ltr'>Wilhelm</span> <span class='ocrx_word' id='word_1_305' title='bbox 811 4105 836 4142; x_wconf 91' lang='lat' dir='ltr'>v.</span> <span class='ocrx_word' id='word_1_306' title='bbox 848 4089 977 4155; x_wconf 84' lang='grc'><strong>033313,</strong></span> <span class='ocrx_word' id='word_1_307' title='bbox 991 4087 1062 4142; x_wconf 84' lang='grc' dir='ltr'><strong>Ρ131.</strong></span> <span class='ocrx_word' id='word_1_308' title='bbox 1073 4088 1108 4142; x_wconf 91' lang='lat' dir='ltr'>ad</span> <span class='ocrx_word' id='word_1_309' title='bbox 1120 4089 1138 4142; x_wconf 94' lang='grc'>1.</span> <span class='ocrx_word' id='word_1_310' title='bbox 1146 4090 1167 4143; x_wconf 94' lang='grc' dir='ltr'>Ι.</span> <span class='ocrx_word' id='word_1_311' title='bbox 1175 4089 1248 4143; x_wconf 82' lang='lat' dir='ltr'>Sent.</span> <span class='ocrx_word' id='word_1_312' title='bbox 1259 4089 1331 4156; x_wconf 83' lang='lat' dir='ltr'>qul.</span> <span class='ocrx_word' id='word_1_313' title='bbox 1339 4089 1414 4143; x_wconf 89' lang='lat' dir='ltr'><strong>HH.:</strong></span> 
     </span>
    </p>
   </div>
   <div class='ocr_carea' id='block_1_6' title="bbox 0 0 1610 4872">
    <p class='ocr_par' dir='ltr' id='par_1_7' title="bbox 0 0 1610 4872">
     <span class='ocr_line' id='line_1_35' title="bbox 0 0 1610 4872; baseline 0 2"><span class='ocrx_word' id='word_1_314' title='bbox 0 0 1610 4872; x_wconf 95' lang='lat' dir='ltr'> </span> 
     </span>
    </p>
   </div>
  </div>
 </body>
</html>
