3212 4872
263 389 326 453 120
705 381 846 437 Meditatio
864 382 964 437 Tertia.

260 581 336 647 idea
359 580 446 647 entis
470 578 680 665 perfectioris
710 579 745 643 in
768 599 822 644 me
845 580 945 658 66661,
978 599 1020 644 ex
1044 579 1136 645 cuius
1160 579 1410 664 comparatione

262 697 412 764 defectus
435 717 527 760 meos
550 694 839 777 agnosceremr⁶⁴l
885 693 958 760 Nec
981 693 1045 760 dici
1075 697 1188 778 potest
1211 695 1298 760 hone
1322 695 1411 762 forte

260 813 370 879 ideam
392 811 455 878 Dei
485 810 706 876 materialiter
734 809 855 875 falsam
886 831 970 889 esse,
1001 810 1141 892 ideoque
1165 831 1186 876 a
1208 810 1310 877 nihilo
1335 833 1409 878 esse

260 949 368 1013 posse,
393 930 430 992 ut
453 927 551 1012 paulo
575 929 653 992 ante
678 926 718 992 de
741 925 825 991 ideis
846 924 976 1005 caloris,
1001 928 1035 990 61
1051 924 1186 1008 frigoris
1204 929 1239 992 et
1254 927 1409 993 similium

261 1042 499 1121 animadverti3
531 1062 607 1106 nem
638 1043 765 1121 contre,
797 1049 871 1105 edm
902 1040 1047 1107 maxime
1076 1042 1166 1107 clere
1189 1045 1225 1108 et
1252 1042 1410 1109 distincta

261 1159 315 1239 sit,
347 1156 874 1243 6111166166111611661116611166
905 1177 1003 1238 quem
1035 1157 1102 1225 ulle
1133 1157 1199 1222 alie
1229 1158 1410 1239 contineat,

261 1276 351 1342 nulle
381 1278 433 1340 eet
462 1293 523 1358 per
546 1293 582 1338 se
606 1271 714 1354 magis
737 1292 829 1352 vere,
860 1293 922 1337 nec
952 1272 986 1336 in
1018 1279 1083 1354 qud
1111 1273 1219 1339 minor
1249 1273 1410 1340 falsitatis

262 1390 405 1476 suspicio
421 1389 667 1474 reperiatur.⁶⁵)
698 1389 770 1469 Est,
795 1388 939 1471 inquam,
964 1389 1047 1453 haec
1071 1387 1147 1454 ideo
1171 1389 1258 1455 entis
1282 1411 1410 1456 summe

222 1548 224 1554 «
261 1505 413 1590 perfecti,
438 1508 473 1571 et
495 1504 615 1570 infiniti
644 1504 788 1570 maxime
813 1525 909 1582 vere;
941 1524 1018 1569 nam
1043 1504 1195 1586 quamvis
1218 1504 1307 1571 forte
1329 1505 1409 1589 fingi

261 1622 368 1706 possit
390 1623 458 1687 tele
483 1641 541 1686 ens
565 1642 631 1687 non
661 1620 818 1701 existere,
849 1642 915 1687 non
945 1623 1059 1686 temen
1089 1621 1171 1703 fingi
1201 1625 1313 1705 potest
1337 1621 1408 1687 eius

260 1738 369 1803 ideam
401 1736 482 1802 nihil
512 1738 603 1802 reale
634 1736 714 1802 mihi
743 1736 912 1817 exhibere,
944 1739 982 1802 ut
1010 1736 1050 1802 de
1073 1736 1150 1802 iden
1172 1735 1308 1820 frigoris
1331 1740 1410 1804 ente

262 1853 340 1920 dixi.
387 1851 576 1917 1161611616
604 1851 748 1918 maxime
772 1852 862 1917 clere
886 1854 921 1917 et
944 1851 1113 1932 distincta,
1146 1872 1223 1917 nom
1253 1852 1411 1936 quidquid

262 1969 350 2035 olere
383 1970 418 2033 et
450 1966 607 2032 distinete
639 1966 785 2051 percipio
821 1966 907 2048 quod
940 1969 993 2032 est
1023 1967 1114 2032 16616
1150 1970 1185 2033 61
1215 1989 1340 2050 verum,
1376 1973 1412 2034 et

262 2084 348 2167 quod
386 2082 626 2167 perfectionem
666 2081 810 2163 aliquem
845 2082 1014 2166 importet,
1049 2085 1156 2148 totum
1193 2081 1227 2148 in
1260 2091 1300 2148 et
1333 2104 1410 2149 con-

261 2200 455 2284 tinetur:⁶⁶)
486 2220 547 2264 nec
578 2198 691 2264 obstat
719 2197 806 2280 quod
834 2219 900 2263 non
929 2197 1205 2281 eomprehendam
1233 2199 1409 2280 infinitum,

262 2317 316 2382 vel
332 2315 418 2399 quod
435 2315 501 2380 elie
515 2315 690 2379 innumera
705 2313 740 2378 in
756 2315 827 2380 Deo
843 2313 920 2394 sint,
941 2333 1025 2395 quae
1041 2334 1102 2378 nec
1119 2314 1409 2397 comprehendere,

262 2453 323 2497 nec
355 2430 443 2497 forte
477 2430 578 2496 etiam
609 2429 778 2512 attingere
807 2429 1011 2512 cogitatione
1041 2429 1106 2496 ullo
1137 2430 1234 2496 modo
1264 2451 1408 2514 possum,

263 2550 316 2613 est
339 2547 426 2612 enim
458 2547 499 2612 de
529 2546 659 2613 ratione
690 2544 821 2626 infiniti,
851 2548 889 2611 ut
913 2565 933 2610 a
956 2566 1009 2610 me
1033 2545 1088 2627 qui
1112 2567 1185 2610 sum
1208 2545 1322 2612 finitus
1345 2567 1411 2611 non

263 2664 572 2748 comprehendetur,
603 2665 638 2728 et
668 2660 792 2727 sufficit
822 2682 875 2727 me
905 2659 967 2726 hoo
1000 2661 1108 2745 ipsum
1141 2661 1337 2744 intelligere,
1371 2682 1410 2726 ae

261 2779 408 2845 iudicare
441 2779 499 2844 1116
531 2778 641 2845 omnia
672 2798 756 2860 quae
798 2777 887 2842 clere
923 2775 1070 2860 percipio
1103 2779 1138 2841 et
1172 2777 1411 2860 perfectionem

154 2973 156 2977 ¹
263 2894 406 2977 aliquem
436 2895 618 2979 importare
649 2893 728 2974 6616,
760 2897 860 2975 etque
892 2891 993 2958 etiam
1024 2891 1112 2958 forte
1143 2891 1208 2957 6116
1237 2892 1412 2957 innumere

263 3031 348 3092 quae
371 3010 497 3092 ignoro,
522 3009 577 3074 vel
600 3009 795 3087 formaliter,
827 3009 880 3073 vel
904 3008 1091 3073 eminenter
1113 3008 1149 3074 in
1171 3009 1242 3074 Deo
1266 3029 1351 3087 esse,
1373 3010 1413 3073 ut

262 3125 339 3191 ideo
372 3146 470 3207 quam
506 3125 546 3190 de
580 3123 636 3188 1116
669 3122 776 3188 habeo
808 3123 853 3188 sit
886 3121 1031 3212 omnium
1065 3143 1149 3204 quae
1181 3122 1216 3186 in
1248 3144 1301 3188 me
1334 3125 1412 3188 sunt

372 3371 407 3439 ⁶⁴)
426 3371 482 3425 Der
500 3371 613 3436 Beweis,
633 3372 697 3426 dass
716 3372 765 3426 des
783 3371 951 3426 Unendliohe
975 3390 1034 3426 vor
1053 3371 1115 3425 dem
1133 3370 1284 3425 Endliohen
1307 3371 1341 3424 da
1363 3370 1412 3434 sei,

263 3462 318 3516 und
337 3461 426 3515 dieses
445 3460 557 3515 letztere
575 3478 629 3514 von
647 3460 703 3513 ihm
722 3460 864 3528 abhdngen
876 3467 977 3526 mtsse,
996 3460 1064 3514 wird
1076 3461 1126 3514 mit
1138 3460 1221 3514 Hdlfe
1235 3461 1282 3513 der
1293 3459 1413 3513 hoheren

263 3549 446 3617 Bewerthung
474 3549 520 3602 der
547 3548 716 3614 ,substantie
739 3549 859 3603 infinite²
887 3549 1042 3617 gegentiber
1067 3549 1114 3602 der
1139 3549 1310 3617 personellen
1336 3547 1413 3614 ,eub-

263 3640 365 3694 61611116
382 3639 474 3693 finer
496 3638 613 3705 gefiihrt.
648 3638 699 3691 Die
722 3637 921 3705 Bereehtigung
946 3638 1020 3691 einer
1044 3637 1144 3706 positiv
1166 3637 1345 3692 inheltlichen
1362 3637 1412 3690 Β6-

263 3728 407 3796 werthung
425 3723 582 3782 6161116161
599 3726 698 3794 genade
715 3727 743 3780 in
762 3727 856 3794 Frage.

372 3833 406 3902 ⁶⁵)
437 3833 520 3887 Wdre
551 3832 595 3886 die
624 3833 779 3890 Gottesidee
814 3833 858 3887 ein
887 3832 1140 3888 eusechliessliches
1171 3832 1334 3900 Erzeugniss
1364 3832 1413 3886 des

263 3923 514 3979 menschliehen
525 3922 656 3977 Denlrens
675 3924 739 3977 oder
757 3923 816 3976 eine
833 3922 906 3977 16616
922 3922 1085 3990 Beziehung‚
1103 3939 1135 3976 so
1154 3921 1235 3990 ginge
1253 3921 1294 3975 sie
1312 3921 1414 3989 gleich-

264 4032 323 4070 sam
342 4031 392 4069 6116
411 4014 471 4068 dem
488 4012 699 4066 Nichtseienden
721 4011 826 4065 hervor.
864 4012 914 4066 Die
934 4011 1095 4080 allgemeine
1108 4009 1341 4078 thrheitsregel
1360 4009 1413 4064 soll

264 4104 326 4158 dem
350 4101 578 4171 widersprechen,
604 4100 669 4154 eber
694 4100 793 4168 gerede
819 4100 893 4154 disse
916 4101 1002 4169 Regel
1028 4100 1099 4154 11661
1122 4117 1174 4154 uns
1196 4098 1255 4153 hier
1277 4098 1363 4168 vollig
1386 4099 1415 4154 in
