3186 4870
245 406 308 467 244
743 399 892 469 Amenda

244 597 354 680 Atque
378 597 432 662 hic
456 600 509 663 est
530 595 751 680 syllogismus
777 596 817 661 de
834 595 980 678 quoiam
997 615 1098 679 supra
1115 595 1157 659 ad
1173 594 1392 661 obiectionem

244 716 390 779 sextam:
422 713 558 795 eiusque
589 711 754 777 conclusio
785 732 845 795 per
873 731 909 776 se
933 713 1013 776 nota
1037 731 1110 776 esse
1134 713 1247 794 potest
1269 711 1311 776 iis
1336 712 1391 794 qui

244 828 498 913 &praeiudiciis
529 831 607 892 sunt
635 827 741 908 liberi,
772 830 810 892 ut
841 827 964 891 dictum
993 829 1045 891 est
1069 826 1236 909 postulato
1261 827 1390 908 quinto;

244 944 302 1010 sed
336 944 413 1027 quia
445 965 511 1009 non
542 943 641 1008 facile
674 947 727 1008 est
759 943 801 1007 ad
832 945 962 1008 tantam
995 941 1286 1026 perspicacitatem
1316 963 1391 1027 per-

243 1059 368 1142 venire,
394 1059 467 1125 aliis
491 1059 597 1124 modis
619 1057 708 1123 idem
732 1078 939 1140 quaeremus.
1401 1047 1405 1052 ’

643 1241 916 1312 PROPOSITIO
941 1243 989 1311 II.

326 1363 389 1434 Dei
413 1364 576 1426 eccisterrtio
601 1383 638 1425 ec
662 1383 695 1426 eo
718 1361 782 1425 solo
807 1362 892 1446 quod
916 1363 982 1425 eius
1005 1362 1078 1425 ideo
1100 1363 1141 1426 ait
1163 1363 1198 1425 iii
1221 1364 1310 1426 nobis

576 1490 596 1532 e
615 1469 789 1552 posteriori
813 1469 1058 1532 demonstretur.

672 1605 959 1662 DEMONSTRATIO.

349 1725 491 1814 Reolitua
513 1723 679 1790 obiective
707 1723 883 1790 cuiuslibet
913 1745 955 1788 ex
983 1723 1107 1790 nostris
1137 1723 1220 1789 ideis
1250 1723 1393 1805 requirit

243 1859 376 1905 causam
407 1839 442 1904 in
474 1841 551 1921 qua'
569 1840 684 1905 eadem
712 1840 787 1925 ipss
809 1839 947 1906 realitas
971 1862 1037 1905 non
1060 1843 1191 1906 tantum
1215 1838 1391 1925 obiective,

242 1953 301 2019 sed
339 1953 535 2050 formaliter,
574 1954 627 2020 vel
666 1955 851 2021 eminenter
891 1955 1101 2020 contineatur
1140 1953 1213 2039 (per
1243 1974 1297 2020 ax.
1328 1953 1390 2038 5.);

242 2069 402 2135 habemus
438 2072 550 2136 autem
585 2069 694 2135 ideam
727 2070 788 2135 Dei
822 2070 895 2155 (per
928 2070 992 2136 def.
1023 2073 1053 2136 2.
1084 2073 1118 2135 et
1147 2069 1192 2154 8.)
1226 2069 1390 2152 huiusque

241 2184 336 2250 ideae
366 2184 504 2250 realitas
533 2185 699 2252 obieetiva
728 2206 790 2250 nec
820 2185 1015 2266 formaliter,
1046 2206 1107 2250 nec
1139 2185 1324 2251 eminenter
1354 2185 1390 2250 in

144 2324 147 2328 ·
240 2299 336 2366 nobis
359 2300 548 2366 continetur
573 2300 646 2385 (per
671 2321 724 2366 ax.
748 2300 801 2384 6.),
830 2321 890 2366 nec
918 2300 952 2365 in
975 2300 1040 2366 ullo
1065 2299 1129 2365 alio
1153 2302 1389 2385 praeterquam

240 2415 274 2479 in
297 2415 370 2498 ipso
393 2416 464 2481 Deo
488 2418 600 2499 potest
628 2415 800 2496 contineri,
831 2414 903 2499 (per
927 2416 992 2482 def.
1010 2416 1055 2500 8.)
1088 2437 1169 2498 ergo
1200 2417 1284 2482 haec
1314 2416 1391 2481 idea

239 2531 312 2612 Dei,
337 2551 421 2613 quae
444 2531 479 2595 in
502 2531 597 2598 nobis
621 2533 683 2612 est,
715 2529 856 2613 requirit
878 2531 985 2596 Deum
1009 2553 1068 2617 pro
1093 2539 1203 2613 causa,
1234 2532 1390 2614 Deosque

239 2646 378 2731 proinde
402 2646 519 2712 existit
543 2645 616 2731 (per
639 2668 693 2713 ax.
712 2646 768 2731 3.).

635 2832 908 2902 PROPOSITIO
931 2834 998 2901 111.
1030 2849 1033 2856 ’

277 2987 280 2992 Δ
307 2952 369 3016 Dei
393 2952 557 3016 existentia
580 2952 816 3016 demonstretur
840 2953 933 3016 etiem
959 2973 996 3016 ec
1019 2973 1052 3016 eo
1069 2952 1161 3036 'quid
1183 2973 1239 3016 nos
1263 2953 1326 3035 ipsi

530 3058 675 3122 iubentes
698 3059 764 3122 eius
787 3058 892 3122 ideone
917 3059 1097 3122 existamus.

670 3196 956 3253 DEMONSTRATIO.

346 3304 381 3372 Si
404 3305 470 3370 vim
496 3280 653 3372 traherem
678 3327 731 3370 me
760 3305 870 3391 ipsum
901 3305 1129 3386 conservandi,
1160 3308 1256 3371 tanto
1280 3304 1389 3388 magis

239 3421 397 3486 haberem
437 3420 539 3486 etiam
571 3421 639 3486 vim
678 3421 759 3487 mihi
797 3422 897 3487 dandi
930 3420 1154 3505 perfectiones
1189 3442 1274 3504 quae
1306 3421 1389 3486 mihi

240 3536 359 3602 desunt
383 3534 457 3620 (per
480 3556 533 3600 ax.
560 3538 589 3600 8.
616 3538 650 3600 et
673 3535 730 3618 9.),
755 3535 830 3600 illae
855 3535 943 3600 enirn
966 3539 1044 3602 sunt
1068 3539 1199 3602 tanturn
1224 3537 1389 3603 attributa

239 3651 457 3732 substantiae,
498 3671 560 3732 ego
596 3652 708 3715 autem
741 3671 814 3714 sum
853 3650 1051 3732 substantia,
1092 3652 1151 3717 sed
1183 3672 1249 3717 non
1281 3651 1388 3716 habeo

238 3767 305 3833 vim
329 3767 410 3831 mihi
435 3766 535 3832 dandi
559 3765 643 3831 istas
667 3764 900 3848 perfectiones,
930 3766 1053 3849 alioqui
1085 3767 1171 3832 enim
1202 3767 1268 3833 iam
1297 3765 1390 3850 ipsas

237 3883 395 3948 haberem
421 3881 494 3966 (per
517 3903 571 3948 ax.
590 3880 650 3965 7.);
664 3921 667 3928 ·
683 3901 762 3963 ergo
793 3902 859 3947 non
889 3881 996 3948 habeo
1028 3883 1095 3947 vim
1123 3882 1286 3966 meipsum
1310 3902 1389 3946 con-

237 3999 403 4064 servandi.
450 3997 592 4064 Deinde:
1234 4069 1235 4072 Ἴ

343 4115 420 4181 Non
443 4135 578 4198 possum
602 4113 748 4180 existere
772 4113 850 4195 quin
881 4134 1060 4180 conserver
1091 4113 1236 4195 quandiu
1266 4112 1389 4194 existo,
