3212 4872
283 396 346 459 114
724 391 865 446 Meditatio
882 391 982 446 Tertia.

281 589 405 655 tionem
428 589 526 655 istius
549 588 648 667 situs3
673 588 791 671 quibus
814 588 891 655 addi
906 593 1047 674 possunt
1062 590 1260 672 substantia,
1287 591 1428 674 duratio,

282 708 316 771 et
349 725 518 771 numerus:
559 707 693 770 caetera
731 707 843 770 autem
881 709 919 772 ut
949 706 1070 788 lumen,
1111 710 1146 773 at
1177 707 1315 789 colores,
1345 710 1428 790 soni,

282 823 410 902 odores,
435 840 581 905 sapores,
606 819 705 900 calor,
730 823 765 885 et
781 820 898 902 frigus,
924 821 1074 904 aliaeque
1090 823 1222 888 tactiles
1239 824 1428 906 qualitates,

281 937 411 1003 nonnisi
435 936 533 1003 valde
557 935 694 1002 confuse
718 939 752 1001 61
776 937 914 1002 obscure
938 958 958 1003 a
981 957 1034 1002 me
1058 938 1258 1021 cogitantur,
1283 942 1366 1008 adeo
1389 944 1428 1007 ut

282 1052 382 1117 etiam
406 1051 558 1134 ignorem
588 1072 630 1116 an
655 1050 722 1116 sint
745 1072 857 1132 verae,
881 1053 935 1117 vel
958 1051 1074 1134 falsae,
1105 1053 1168 1120 hoc
1192 1059 1244 1120 est
1267 1077 1309 1121 an
1333 1056 1428 1124 11666

282 1189 364 1250 quas
389 1169 429 1233 de
452 1167 517 1232 illis
542 1166 649 1232 habeo
678 1165 745 1231 sint
774 1187 886 1232 rerum
917 1168 1122 1250 quarundam
1153 1169 1259 1251 ideae,
1291 1191 1334 1236 an
1363 1193 1428 1238 non

281 1288 458 1361 rerum2⁴⁹l
494 1282 646 1365 quamvis
679 1281 766 1347 enim
801 1281 985 1349 falsitatem
1022 1284 1155 1368 proprie
1188 1285 1321 1368 dictam,
1357 1287 1429 1354 sive

281 1400 454 1466 formalem
493 1397 624 1464 nonnisi
661 1397 696 1463 in
733 1397 863 1464 iudiciis
901 1420 1000 1483 posse
1037 1400 1176 1485 reperiri
1215 1403 1312 1486 paulo
1350 1406 1429 1470 ante

282 1515 485 1596 notaverim,
532 1516 585 1579 661
626 1516 740 1579 tamen
785 1513 935 1598 profecto
980 1517 1142 1596 quaedam
1187 1518 1252 1584 alia
1297 1518 1429 1584 falsitas

282 1631 465 1697 materialis
495 1630 530 1694 in
560 1629 658 1710 ideis,
696 1633 769 1695 cum
805 1651 871 1696 non
900 1651 972 1695 rem
1003 1633 1162 1714 tanquam
1192 1655 1263 1699 ram
1293 1655 1429 1718 reprae-

282 1745 483 1830 sentantz⁵⁰J
514 1745 573 1826 ita,
607 1744 750 1828 exempli
782 1751 893 1826 causa,
924 1746 1019 1811 ideae
1053 1768 1135 1828 quas
1167 1747 1274 1814 habeo
1309 1750 1429 1816 caloris

282 1866 317 1929 et
346 1861 481 1944 frigoris
512 1864 581 1927 tam
616 1882 733 1945 parum
767 1861 877 1927 clarae
910 1865 945 1928 et
979 1861 1158 1944 distinctae
1192 1869 1283 1946 sunt,
1316 1868 1355 1931 ut
1385 1867 1427 1931 ab

282 1979 322 2044 iis
362 1978 489 2044 discere
528 1998 592 2042 non
631 1977 770 2061 possim,
811 1998 854 2042 an
892 1977 1000 2060 frigus
1035 1978 1080 2045 sit
1114 1982 1244 2045 tantum
1283 1981 1429 2064 privatio

282 2094 411 2175 caloris,
428 2094 482 2159 vel
502 2094 592 2159 calor
611 2093 755 2178 privatio
776 2093 970 2178 frigorisu)
992 2095 1046 2160 vel
1066 2097 1242 2178 utrumque
1263 2096 1308 2162 sit
1327 2096 1429 2162 realis

282 2210 435 2292 qualitas,
460 2210 514 2274 vel
536 2212 705 2289 neutrum3
738 2213 773 2276 et
803 2210 880 2292 quia
911 2211 1020 2277 nullae
1050 2210 1146 2277 ideae
1176 2211 1239 2277 nisi
1267 2214 1428 2294 tanquam

281 2328 445 2408 rerum⁶²l
475 2345 549 2390 6666
579 2328 731 2409 possunt,
770 2325 932 2408 siquidem
964 2347 1080 2392 verum
1115 2327 1169 2407 sit,
1207 2326 1315 2409 frigus
1347 2327 1428 2392 nihil

282 2441 371 2507 aliud
395 2463 470 2508 6666
494 2461 592 2523 quam
615 2439 837 2524 privationem
867 2441 996 2522 caloris,
1027 2442 1103 2508 idea
1131 2462 1215 2524 quae
1243 2442 1324 2507 mihi
1347 2442 1428 2507 illud

282 2561 441 2639 tanquam
475 2557 566 2622 reale
601 2556 679 2638 quid
715 2560 750 2622 61
783 2556 962 2641 positivum
999 2560 1232 2642 repraesentat
1267 2579 1331 2623 non
1365 2558 1428 2622 im-

283 2673 401 2739 merito
431 2672 517 2738 falsa
548 2672 685 2752 dicetur,
717 2675 752 2738 et
779 2673 827 2738 sic
856 2674 896 2739 dc
924 2673 1077 2739 caeteris.
1125 2672 1248 2750 Quibus
1276 2673 1428 2757 profecto

282 2811 348 2855 non
386 2792 439 2855 est
476 2809 612 2854 necesse
651 2791 689 2854 ut
726 2789 869 2870 aliquem
907 2789 1081 2855 authorem
1119 2810 1140 2854 6
1174 2810 1227 2854 me
1260 2789 1427 2855 diversum

282 2905 465 2988 assignem
493 2925 571 2970 nam
599 2904 627 2970 si
656 2903 788 2986 quidem
819 2903 888 2969 sint
916 2902 1032 2983 falsae,
1063 2902 1126 2969 hoc
1157 2907 1209 2970 661
1240 2904 1348 2970 nullas
1374 2925 1430 2970 res

281 3023 546 3106 repraesentent,
568 3020 692 3086 lumine
716 3019 860 3084 naturali
884 3021 998 3084 notum
1022 3018 1102 3083 mihi
1127 3023 1179 3085 est
1199 3019 1273 3085 illas
1289 3041 1311 3085 6
1326 3019 1429 3085 nihilo

389 3241 426 3310 ⁴⁹)
451 3242 502 3296 Dia
524 3240 760 3307 Unterscheidung
784 3238 919 3293 zwischon
945 3239 1110 3308 primtren
1136 3240 1191 3293 und
1219 3240 1429 3294 sokundtran

283 3332 437 3398 dualitates
456 3331 523 3383 wird
547 3329 711 3399 probawaise
737 3328 906 3396 aufgegeben
931 3328 986 3381 und
1008 3346 1059 3382 nur
1082 3329 1274 3396 festgehalten‚
1299 3329 1362 3383 dass
1385 3329 1429 3382 die

283 3420 464 3487 allgemeinen
475 3418 783 3488 Korpereigenschaitan
799 3417 890 3472 klarer
909 3417 1026 3472 arkannt
1042 3417 1149 3471 werden
1168 3417 1209 3471 616
1227 3418 1270 3471 dio
1286 3416 1429 3472 161111161-

281 3509 371 3563 lichen
385 3507 638 3576 Sinuesqualitdten,
658 3506 760 3560 welche
778 3525 849 3571 man,
870 3506 938 3560 eben
956 3505 1019 3560 weil
1037 3507 1077 3559 616
1089 3506 1276 3560 vertuderlich
1295 3505 1356 3559 sind
1373 3505 1429 3558 und

282 3615 333 3650 nur
351 3596 436 3651 durch
453 3596 642 3664 Baziehungen
660 3612 692 3648 zu
711 3595 811 3650 Stando
830 3595 966 3660 kommen,
992 3595 1029 3648 im
1052 3594 1240 3664 platonischsn
1259 3595 1339 3650 Sinne
1358 3594 1429 3649 auch

282 3686 324 3741 als
346 3704 414 3751 ,non
431 3687 502 3751 res“,
524 3689 610 3751 ,utres
629 3684 821 3754 chimeriques“
843 3684 1007 3739 bezeichnen
1025 3684 1108 3739 kann.

391 3776 495 3844 10)Ι)16
517 3773 639 3841 ,falsitas
661 3773 825 3827 materialia“
850 3773 1053 3828 unterscheidet
1074 3773 1133 3828 sich
1155 3790 1209 3826 von
1233 3773 1281 3826 der
1306 3771 1430 3837 ,falsitas

281 3864 386 3933 proprie
410 3863 482 3918 dicta
504 3864 563 3917 sive
584 3862 722 3917 formalis“
748 3861 875 3927 dadurch,
902 3863 966 3917 dass
983 3862 1026 3916 ihr
1043 3862 1123 3916 keine
1145 3860 1271 3927 ,realitas
1289 3860 1426 3914 formalia“

282 3951 438 4022 entsprioht.

391 4042 426 4110 51)
444 4041 494 4095 Ι)16
513 4041 658 4110 privatio
676 4039 824 4109 (στέρησις)
848 4041 913 4094 oder
930 4041 979 4094 das
998 4039 1176 4094 Beraubtsein
1199 4039 1293 4107 irgend
1310 4037 1430 4093 welcher

282 4130 371 4183 einum
394 4129 482 4198 Dinge
505 4147 559 4184 von
580 4129 667 4184 Natur
689 4146 739 4183 aus
761 4129 973 4183 zukommender
996 4128 1172 4196 Eigenschaft
1194 4127 1269 4184 kann
1292 4127 1431 4182 antweder
