3186 4870
263 389 332 460 206⁴
710 383 851 440 Meditatio
869 384 961 440 Sexta.

371 584 551 648 Praeterea
585 581 717 648 invenio
748 581 782 647 in
812 601 866 646 me
896 579 1075 645 facultates
1106 600 1180 645 cum
1213 580 1412 664 specialibus

263 698 459 780 quibusdam
490 697 596 764 modis
627 695 795 779 cogitandi
830 694 1085 779 (praedicata)
1121 698 1202 779 puta
1232 693 1413 762 facultates

263 813 478 896 imaginandi,
495 817 531 879 et
546 812 722 893 sentiendi,
744 811 816 877 11111
832 810 950 893 quibus
970 815 1077 877 totum
1098 832 1151 877 me
1172 832 1306 895 possum
1323 813 1412 877 clare

264 931 299 994 et
328 928 484 994 distincte
513 928 714 1010 intelligere,
744 927 804 994 sed
832 949 898 993 non
921 926 995 991 vice
1019 933 1118 992 versa
1145 927 1220 992 illas
1248 927 1320 993 sine
1347 948 1411 1007 me,

264 1043 327 1112 hoc
347 1048 400 1110 est
420 1044 492 1110 sine
512 1043 700 1110 substantia
720 1043 929 1125 intelligente
946 1042 998 1107 cni
1014 1042 1131 1108 insint:
1153 1042 1413 1109 intellectionem

265 1159 352 1224 enim
381 1159 572 1224 nonnullam
602 1159 636 1223 in
667 1181 726 1224 suo
756 1157 887 1224 formali
919 1161 1079 1242 conceptu
1110 1158 1293 1238 includunt,
1325 1159 1413 1224 unde

265 1273 410 1358 percipio
434 1274 508 1339 illas
533 1295 631 1355 ame,
655 1274 831 1340 utmodos
855 1294 927 1338 are
950 1272 1124 1355 distingui:
1149 1293 1293 1355 agnosco
1310 1273 1413 1339 etiam

264 1390 425 1471 quasdam
450 1389 534 1454 alias
557 1389 745 1470 facultates,
775 1393 813 1454 nt
835 1390 942 1455 locum
966 1388 1126 1469 mutandi,
1150 1388 1264 1454 varias
1286 1390 1413 1470 figuras

264 1503 432 1584 induendi,
464 1509 499 1570 et
522 1504 656 1585 similes,
688 1526 773 1587 quae
797 1505 939 1587 quidem,
972 1525 1037 1570 non
1060 1503 1168 1586 magis
1193 1525 1291 1586 quam
1316 1524 1414 1588 prae-

266 1620 432 1700 cedentes
447 1621 571 1702 absque
584 1620 695 1702 aliqua
710 1620 898 1686 substantia
914 1620 966 1686 cui
981 1619 1086 1686 insint
1101 1622 1241 1705 possunt
1255 1619 1413 1701 intelligi;

266 1755 327 1800 nec
349 1734 487 1820 proinde
511 1735 612 1801 etiam
637 1736 762 1818 absque
784 1735 841 1800 illa
863 1735 1018 1802 existere.

373 1851 438 1917 Sed
469 1851 684 1917 manifestum
719 1853 772 1916 est
805 1851 880 1927 has,
915 1851 1077 1932 siquidem
1110 1849 1269 1932 existant,
1302 1850 1414 1918 inesse

266 1965 387 2032 debere
410 1967 619 2034 substantiae
650 1987 828 2051 corporeae
852 1967 923 2032 sive
954 1966 1172 2049 extensae)
1203 1988 1269 2032 non
1300 1969 1413 2034 autem

265 2080 475 2164 intelligenti,
506 2083 583 2164 quia
613 2103 731 2166 nempe
765 2081 875 2164 aliqua
908 2081 1069 2162 extensio,
1106 2103 1171 2148 non
1205 2085 1317 2148 autem
1346 2081 1414 2147 ulla

266 2196 362 2279 plane
391 2196 571 2264 intellectio
601 2199 636 2263 in
660 2219 774 2264 aarum
799 2199 887 2263 claro
911 2202 946 2262 et
969 2197 1125 2264 distincto
1150 2201 1311 2282 conceptu
1335 2219 1412 2265 con-

266 2310 401 2376 tinetur.
458 2312 529 2376 Iam
561 2333 641 2378 vero
676 2318 730 2378 est
763 2313 895 2395 quidam
930 2313 964 2377 in
997 2334 1050 2379 me
1082 2313 1218 2398 passiva
1250 2315 1414 2396 quaedam

266 2425 409 2491 facultas
439 2427 614 2508 sentiendi,
646 2427 716 2493 sive
747 2428 840 2493 ideas
867 2449 978 2494 rerum
1003 2428 1208 2495 sensibilium
1232 2429 1413 2513 recipiendi

267 2544 302 2607 et
324 2542 554 2623 cognoscendi,
584 2544 642 2608 sed
666 2543 737 2609 eius
760 2544 883 2608 nullum
907 2566 1003 2610 usum
1027 2544 1151 2610 habere
1176 2566 1317 2628 possem,
1349 2544 1413 2609 nisi

268 2657 430 2740 quaedam
461 2657 573 2723 activa
604 2658 705 2724 etiam
735 2659 908 2740 existeret,
940 2659 1011 2724 sive
1034 2658 1069 2724 in
1087 2655 1155 2740 me,
1187 2658 1315 2724 sivein
1338 2658 1414 2738 alio,

266 2771 409 2838 facultas
433 2773 516 2839 istas
540 2773 633 2839 ideas
656 2775 859 2868 producendi
883 2774 936 2840 vel
960 2774 1185 2855 efficiendi.⁴⁸)

372 2887 483 2970 Atque
507 2889 590 2955 haec
613 2911 694 2955 sane
717 2889 752 2954 in
775 2911 828 2956 me
851 2891 923 2975 ipso
947 2911 1021 2955 esse
1045 2912 1111 2956 non
1133 2889 1304 2972 perosae)
1336 2888 1414 2970 quia

267 3004 389 3068 nullam
420 3005 517 3088 plane
548 3005 806 3072 intellectionem
837 3003 1085 3090 praesupponit,
1117 3007 1152 3069 et
1180 3024 1233 3068 me
1263 3025 1328 3070 non
1360 3025 1416 3069 co-

267 3122 437 3203 operante,
463 3120 522 3185 sed
546 3140 646 3204 saepe
670 3121 772 3187 etiam
796 3120 901 3186 invito
931 3119 1027 3185 ideas
1056 3119 1143 3184 istae
1174 3119 1414 3203 producuntur:

268 3255 347 3317 ergo
372 3235 577 3319 superest50)
606 3239 645 3302 ut
668 3236 714 3302 sit
736 3238 771 3302 in
793 3236 904 3318 aliqua
932 3235 1122 3300 substantia
1150 3256 1246 3301 ame
1270 3234 1414 3314 diversa,

1334 3351 1416 3358 ..-.—-

374 3401 411 3466 41)
430 3403 481 3456 Die
497 3402 813 3472 π1111111111111113111111“
829 3405 937 3458 dussert
955 3402 1014 3460 sich
1032 3403 1061 3456 in
1079 3401 1289 3456 verschiedenen
1302 3400 1416 3454 Weisen

268 3491 332 3544 oder
350 3491 537 3558 Fthiglreiten.
577 3493 669 3557 ,cum“
690 3492 745 3545 und
768 3493 815 3546 der
838 3496 945 3562 spatae
968 3491 1064 3546 Zuaatz
1085 3489 1250 3559 ,praeditasl
1270 3488 1363 3542 fehlen
1386 3487 1417 3540 in

268 3579 316 3634 (111
333 3579 462 3648 Auegabe
484 3581 560 3634 1642.

375 3669 412 3737 Ἠ)
431 3669 508 3724 Ohne
519 3669 562 3723 dic
572 3669 704 3724 Substanz
716 3669 819 3723 libnute
831 3668 901 3723 auch
913 3667 955 3721 ihr
964 3667 1060 3721 modus
1072 3666 1148 3721 nicht
1158 3664 1289 3733 begriffen
1297 3665 1417 3728 werden,

268 3757 296 3810 in
315 3757 362 3811 der
379 3757 566 3826 Ausdelmung
584 3760 621 3814 ist
640 3759 723 3813 daher
741 3757 826 3812 echon
845 3757 892 3811 der
911 3756 1014 3824 Begriff
1031 3755 1077 3810 (111
1094 3755 1177 3822 Figur
1195 3752 1343 3808 enthelten.

375 3848 412 3916 ⁴⁸)
438 3849 553 3902 Hieraus
578 3849 655 3916 folgt,
681 3849 745 3902 dass
771 3847 814 3900 die
832 3846 1014 3900 Erkenntniss
1035 3845 1083 3898 (111
1100 3842 1270 3912 K'orperwelt
1294 3841 1370 3896 nicht
1387 3841 1418 3894 in

268 3935 402 4002 gleichem
415 3938 507 3992 Massa
526 3937 615 3992 sicher
633 3937 680 4002 sci,
699 3937 751 3990 1111
770 3935 813 3990 (111
826 3932 1007 3988 Erkenntniss
1020 3933 1122 3987 meiner
1135 3931 1222 3987 selbst
1238 3931 1293 3985 und
1310 3929 1418 3985 (111111.

269 4025 446 4094 Gleichzeitig
465 4026 570 4094 crffl'ebt
582 4025 640 4080 sich
653 4043 702 4080 1111
715 4026 803 4079 dieser
816 4023 908 4089 Stella,
928 4024 992 4078 dass
1004 4023 1042 4076 im
1055 4019 1300 4077 Erkenntnissektc
1313 4018 1418 4073 Aktion

267 4113 322 4166 und
341 4115 457 4169 Pession
475 4132 509 4169 zu
527 4115 615 4169 einem
634 4114 744 4170 Ganzen
762 4113 918 4167 verbunden
936 4113 1005 4166 sind.
