3204 4874
280 369 342 432 144
717 363 857 421 Meditatio
876 363 984 432 Quarta.

277 564 393 630 videor
431 563 574 646 aliquam
608 563 698 629 viam
737 585 796 648 per
832 583 929 646 quam
963 562 1004 628 ab
1039 562 1106 628 ista
1144 562 1423 647 contemplatione

278 679 349 745 veri
373 679 444 761 Dei,
475 679 510 745 in
540 702 604 763 quo
634 701 753 765 nempe
784 682 861 745 sunt
891 700 1005 745 omnes
1035 678 1185 744 thesauri
1209 679 1424 744 scientiarum

279 798 313 861 ot
336 795 521 880 sapientiae
546 795 741 877 absconditi,
766 795 809 860 ad
833 798 1042 860 caeterarum
1065 815 1177 860 rerum
1201 794 1424 878 cognitionem

279 911 516 997 deveniatur.4)

384 1027 422 1092 In
451 1027 567 1111 primis
600 1027 685 1093 enim
718 1047 862 1108 agnosco
892 1026 964 1092 fieri
994 1049 1059 1093 non
1090 1047 1188 1111 posse
1218 1028 1256 1092 nt
1285 1025 1340 1092 iile
1371 1047 1423 1092 me

277 1165 423 1226 unquam
460 1142 566 1223 fallat,
574 1142 601 1226 ⁵)
640 1142 675 1207 in
713 1143 802 1208 omni
840 1145 928 1209 enim
966 1142 1100 1208 fallacia
1136 1143 1189 1209 vel
1230 1143 1424 1227 deceptione

279 1258 402 1341 aliquid
432 1257 693 1342 imperfectionis
722 1258 903 1343 reperitur;
936 1262 971 1326 et
1002 1259 1153 1343 quamvis
1183 1281 1281 1344 posse
1308 1259 1424 1324 fallere

279 1375 469 1441 nonnullum
509 1395 583 1440 esse
615 1374 770 1440 videatur
809 1375 980 1457 acuminis,
1020 1378 1079 1441 ant
1116 1357 1301 1460 potentiaev
1326 1395 1425 1458 argu-

278 1492 437 1571 mentum,
460 1489 673 1574 proculdubio
697 1491 782 1556 velle
805 1491 921 1558 fallere
949 1493 1003 1557 vel
1035 1491 1207 1571 malitiam,
1237 1491 1292 1556 vel
1321 1489 1424 1555 imbe-

279 1605 452 1672 cillitatem
482 1609 637 1688 testatur,
669 1627 730 1672 nec
760 1607 897 1691 proinde
927 1608 962 1672 in
985 1608 1091 1673 Deum
1121 1607 1251 1691 caditf)
1298 1605 1425 1672 Deinde

279 1722 433 1807 experior
457 1722 623 1805 quandam
652 1721 687 1787 in
715 1743 767 1787 mo
791 1744 865 1789 esse
893 1723 1059 1789 iudicandi
1088 1723 1294 1804 facultatem,
1326 1741 1424 1805 quam

279 1842 381 1919 certe,
405 1841 443 1904 ut
466 1841 501 1904 et
523 1838 652 1921 reliqua
675 1838 820 1924 omnial)
845 1859 930 1921 quae
948 1839 983 1904 in
997 1860 1050 1904 me
1066 1842 1154 1920 sunt,
1179 1839 1285 1904 aDeo
1301 1837 1423 1922 accepi,

280 1957 418 2037 cumque
441 1954 496 2020 ille
519 1954 602 2020 nolit
629 1975 681 2020 me
705 1955 831 2035 fallere,
863 1955 965 2021 talem
989 1955 1138 2039 profecto
1167 1977 1233 2020 non
1257 1953 1358 2035 dedit,
1387 1956 1425 2019 ut

279 2071 356 2136 dum
387 2077 427 2136 oa
455 2073 547 2136 recte
577 2073 662 2152 utor,
695 2069 819 2155 possim
848 2091 993 2153 unquam
1024 2069 1178 2162 errare.⁸)
1224 2069 1296 2136 Neo
1324 2071 1425 2135 ullum

279 2187 320 2252 de
351 2186 415 2252 hac
446 2208 483 2252 re
517 2187 650 2252 dubium
684 2189 889 2271 superesset,
930 2185 994 2252 nisi
1025 2186 1101 2252 inde
1133 2185 1225 2269 sequi
1255 2185 1425 2252 videretur

279 2323 332 2368 me
363 2302 465 2383 igitur
496 2323 609 2368 errare
638 2323 806 2385 nunquam
837 2322 949 2386 posse3
965 2299 1057 2367 'nam
1088 2301 1116 2366 si
1146 2302 1361 2385 quodcunque
1390 2301 1426 2367 in

280 2439 333 2483 me
357 2421 419 2499 est,
443 2439 464 2482 a
487 2418 556 2484 Deo
581 2418 697 2499 habeo,
728 2439 790 2484 nec
820 2418 920 2483 ullam
950 2417 1005 2483 ille
1035 2417 1116 2482 mihi
1141 2418 1269 2484 dederit
1292 2417 1424 2484 errandi

280 2534 485 2615 facultatem,
519 2554 586 2599 non
612 2533 728 2600 videor
760 2555 858 2618 posse
891 2555 1036 2617 unquam
1067 2555 1189 2600 errare.
1236 2533 1346 2616 Atque
1376 2533 1424 2599 ita

280 2671 416 2734 prorsus
446 2650 600 2732 quamdiu
632 2650 672 2715 de
699 2651 769 2717 Deo
800 2653 931 2716 tantum
962 2650 1082 2732 cogito,
1114 2652 1269 2732 totusque
1292 2650 1327 2714 in
1350 2671 1425 2716 eum

280 2788 334 2832 me
363 2770 530 2847 converto,
560 2766 682 2832 nnllam
713 2767 835 2834 erroris
867 2769 925 2832 aut
954 2766 1115 2832 falsitatis
1145 2786 1279 2831 oausam
1309 2766 1426 2851 depre-

281 2883 404 2963 hendo;
429 2882 488 2948 sed
511 2882 719 2966 postmodum
736 2883 778 2948 ad
794 2904 847 2948 me
863 2904 1019 2948 reversus
1035 2882 1189 2967 experior
1197 2880 1222 2967 9)
1243 2903 1296 2948 me
1314 2886 1427 2949 tamen

280 2997 462 3064 innumeris
497 2999 664 3064 erroribus
699 3020 773 3064 esse
803 2997 997 3080 obnoxium,
1037 3019 1174 3081 quorum
1211 3019 1346 3064 causam
1376 2998 1427 3062 in-

282 3116 415 3198 quirens
448 3115 677 3181 animaduerto
718 3137 783 3180 non
815 3117 946 3181 tantum
977 3113 1039 3179 Dei
1077 3114 1148 3180 sive
1181 3114 1268 3180 entis
1300 3135 1426 3180 summe

281 3231 422 3315 perfecti
452 3231 585 3312 realem,
617 3234 651 3296 et
683 3230 871 3315 positivam,
908 3230 967 3295 sed
1002 3229 1114 3310 etiam,
1148 3232 1186 3295 nt
1220 3229 1269 3295 ita
1300 3232 1425 3313 loquar,

281 3346 376 3411 nihili
413 3346 484 3411 sive
514 3345 585 3411 eius
616 3346 702 3428 quod
736 3346 777 3411 ab
809 3345 897 3412 omni
928 3345 1132 3438 perfectione
1163 3366 1290 3411 summe
1321 3345 1426 3426 abest,

1346 3461 1425 3469 ———

389 3504 412 3573 ⁴)
430 3504 524 3559 Zuerst
542 3522 588 3558 zur
605 3504 784 3560 Erkenntniss
804 3506 851 3559 des
864 3505 973 3560 Geistes
992 3505 1085 3570 selbst,
1105 3505 1148 3560 die
1168 3520 1217 3560 aus
1235 3508 1283 3560 der
1294 3505 1426 3559 Erkennt·

281 3594 339 3648 nias
358 3594 455 3648 Gottes
473 3593 631 3662 entspringt
651 3594 755 3648 sodann
773 3612 820 3648 zur
838 3593 1018 3648 Erkenntniss
1037 3594 1084 3648 der
1101 3593 1213 3662 librigen
1230 3595 1326 3662 Dinge.

391 3681 412 3750 ὖ)
431 3682 481 3736 Die
497 3682 647 3748 ,veracitas
666 3683 723 3737 dei“
744 3683 871 3751 beseitigt
890 3683 932 3737 die
945 3683 1054 3737 frsshere
1066 3683 1209 3737 Annahme
1228 3684 1301 3738 eines
1317 3683 1427 3751 ,genius

282 3776 310 3827 et
328 3773 453 3842 deceptor
471 3771 632 3840 malignus“;
655 3772 721 3827 Gott
739 3773 830 3826 wltrdo
848 3789 900 3826 uns
919 3771 1102 3826 thatsiichlich
1120 3772 1259 3838 ttuschen,
1279 3789 1358 3824 wenn
1379 3770 1445 3824 der'

264 3859 464 3932 ¹mensohliche
478 3861 727 3915 Erkenntnisstrieb
746 3880 796 3915 nur
814 3862 864 3916 auf
879 3860 962 3914 Ideen
980 3861 1068 3928 ginge,
1089 3861 1176 3914 denen
1194 3860 1323 3915 keinerlei
1336 3859 1427 3913 Wirk·

281 3950 395 4005 lichkeit
413 3951 580 4018 entsprtche.
1018 4022 1019 4027 Ἰ

389 4039 411 4109 ⁶)
429 4039 480 4092 Dio
493 4038 634 4094 ethisohen
645 4039 762 4108 Begriffe
776 4040 823 4093 der
833 4038 947 4095 Bosheit
957 4039 1013 4093 und
1025 4040 1164 4094 sittlichen
1177 4038 1323 4094 Schwtche
1335 4042 1428 4094 setnen

285 4129 343 4182 eine
362 4127 478 4199 positive
497 4129 600 4183 Norm
619 4147 725 4196 vorans,
744 4147 798 4184 von
817 4129 864 4184 der
881 4126 972 4184 bishor
989 4129 1066 4184 nicht
1084 4130 1127 4184 die
1145 4129 1219 4184 Reda
1238 4147 1300 4183 war.
1331 4127 1430 4184 Ueter-
