3204 4874
259 393 301 456 56
672 427 674 436 .
704 389 845 443 Meditatio
863 389 961 444 Prima.

258 586 329 670 ipse
360 590 476 670 stupor
508 584 589 650 mihi
624 585 812 670 opinionem
847 585 954 652 somni
987 588 1168 653 confirmet.
1223 586 1296 670 Age
1327 609 1407 671 ergo

258 702 469 782 somniamus,
507 723 569 796 nec
607 703 823 786 particularia
862 702 929 768 ista
961 723 1042 768 vera
1081 702 1158 783 sint,
1198 724 1258 768 nos
1297 704 1408 770 oculos

259 817 399 902 aperire,
430 821 531 901 caput
560 838 705 898 movere,
736 839 855 883 manus
885 818 1078 898 extendere,
1109 839 1171 884 nec
1195 817 1282 884 forte
1307 818 1407 884 etiam

258 956 317 1000 nos
350 933 474 998 habere
506 933 592 998 tales
625 953 756 1012 manus,
790 954 851 1022 nec
887 933 954 999 tale
986 935 1094 998 totum
1128 955 1260 1017 corpus,
1294 937 1407 999 tamen

257 1049 408 1133 profecto
431 1048 605 1114 fatendum
629 1051 682 1113 est
704 1048 777 1114 visa
807 1070 867 1133 per
897 1048 1042 1130 quietem
1071 1069 1145 1114 esse
1176 1048 1277 1115 veluti
1308 1069 1407 1130 quas-

258 1165 333 1230 dam
358 1164 465 1249 pictas
488 1163 662 1245 imagines
688 1185 773 1245 quae
797 1186 862 1230 non
886 1163 949 1229 nisi
971 1165 1012 1230 ad
1030 1164 1278 1230 similitudinem
1295 1157 1404 1229 rerum

258 1300 413 1345 verarum
448 1279 527 1361 fingi
561 1282 756 1364 potuerunt;
790 1279 929 1361 ideoque
961 1280 1079 1345 saltem
1112 1279 1284 1362 generalia
1313 1278 1406 1359 haec,

258 1396 378 1475 oculos,
411 1398 520 1479 caput,
552 1416 680 1475 manus,
711 1398 883 1477 totumque
915 1416 1033 1479 corpus
1063 1416 1118 1460 res
1149 1395 1308 1476 quasdam
1343 1417 1406 1462 non

257 1509 483 1592 imaginarias,
508 1511 566 1576 sed
590 1531 689 1576 veras
713 1510 873 1576 existere:
903 1531 977 1576 nam
1003 1532 1084 1577 sane
1107 1499 1253 1595 pictores
1276 1510 1340 1594 ipsi
1365 1532 1405 1575 ne

257 1630 328 1690 tum
356 1626 499 1708 quidem,
529 1648 602 1691 cum
626 1626 760 1692 Sirenas
785 1630 820 1692 et
843 1626 1031 1710 Satyriscos
1063 1626 1209 1692 maxime
1237 1625 1407 1692 inusitatis

257 1741 373 1808 formis
403 1742 529 1824 fingere
561 1742 707 1821 student,
741 1745 879 1808 naturas
911 1742 999 1808 omni
1031 1763 1073 1808 ex
1102 1745 1199 1826 parte
1231 1762 1335 1808 novas
1367 1741 1408 1807 iis

256 1861 396 1941 possunt
420 1856 603 1939 assignare,
636 1856 694 1922 sed
725 1858 955 1923 tantummodo
984 1857 1191 1924 diversorum
1215 1857 1406 1938 animalium

258 1974 406 2039 membra
436 1973 652 2056 permiscent3
683 1973 736 2038 vel
766 1972 794 2038 si
824 1973 912 2039 forte
944 1971 1066 2055 aliquid
1099 1971 1294 2055 excogitent
1324 1973 1406 2038 adeo

256 2111 389 2169 novum,
418 2093 456 2154 ut
479 2088 558 2153 nihil
590 2088 722 2154 omnino
754 2089 784 2154 ei
816 2088 914 2152 simili
946 2088 1049 2154 fuerit
1077 2088 1196 2169 visum,
1228 2092 1329 2170 atque
1359 2087 1407 2152 ita

256 2205 354 2288 plane
384 2203 540 2269 fictitium
573 2203 617 2269 sit
650 2207 684 2269 et
716 2203 852 2285 falsum,
887 2208 978 2270 certe
1011 2207 1124 2269 tamen
1158 2204 1201 2269 ad
1237 2204 1407 2269 minimum

256 2320 327 2386 veri
356 2319 483 2385 colores
508 2339 581 2384 esse
606 2318 738 2399 debent,
770 2341 813 2384 ex
843 2319 961 2401 quibus
989 2319 1069 2384 illud
1101 2323 1314 2402 componant:
1347 2340 1407 2384 neo

258 2435 382 2520 dispari
405 2435 545 2515 ratione,
571 2434 722 2516 quamvis
747 2433 847 2499 etiam
865 2434 1035 2516 generalia
1056 2435 1148 2515 haec,
1174 2434 1269 2516 oculi,
1295 2437 1404 2518 caput,

257 2571 384 2630 manus,
410 2554 444 2616 et
467 2549 588 2615 similia
607 2549 807 2631 imaginaria
824 2570 897 2614 esse
914 2553 1061 2634 possent,
1086 2549 1275 2616 necessario
1291 2553 1405 2615 tamen

258 2668 377 2732 saltem
402 2666 467 2731 alia
491 2665 653 2747 quaedam
678 2664 785 2730 adhuc
809 2664 917 2746 magis
940 2665 1112 2749 simplicia,
1147 2668 1181 2731 et
1204 2664 1407 2731 universalia

259 2803 339 2847 vera
363 2803 436 2847 esse
460 2781 633 2846 fatendum
657 2783 719 2860 est,
744 2801 787 2845 ex
811 2779 929 2861 quibus
952 2782 1113 2863 tanquam
1138 2780 1301 2846 coloribus
1318 2780 1408 2845 veris

257 2919 372 2963 omnes
406 2897 492 2962 istae
527 2917 586 2962 seu
616 2917 732 2975 verae,
770 2917 828 2960 seu
862 2894 982 2974 falsae,
1017 2916 1102 2978 quae
1136 2896 1171 2960 in
1204 2895 1407 2977 cogitatione

258 3017 373 3080 nostra
405 3016 492 3093 sunt,
526 3033 636 3078 rerum
672 3011 835 3094 imagines
868 3010 1082 3092 effinguntur.
1140 3011 1238 3076 Cuius
1275 3010 1408 3093 generis

258 3151 331 3195 esse
370 3129 526 3194 videntur
564 3131 685 3193 natura
728 3147 887 3212 corporea
924 3126 959 3191 in
998 3125 1225 3210 communi,1⁸)
1272 3127 1407 3209 eiusque

313 3255 451 3262 ——-—..
458 3256 466 3259 -
473 3255 505 3260 --.
514 3255 579 3260 --.--
586 3255 752 3260 .—-.--...

258 3324 285 3376 in
304 3322 392 3375 denen
410 3339 473 3375 man
491 3320 561 3375 nach
580 3321 714 3375 Kriterien
735 3320 821 3386 sucht,
841 3321 915 3375 dieas
928 3321 1015 3388 Frage
1034 3340 1066 3375 zu
1085 3321 1268 3387 entscheiden‚
1288 3320 1357 3375 ohne
1376 3339 1409 3375 zu

259 3412 346 3465 ciuem
364 3409 491 3463 Resultat
509 3428 542 3463 zu
560 3409 697 3463 kommen.
735 3409 772 3463 Es
791 3409 865 3478 giebt
884 3409 953 3463 auch
972 3409 1095 3475 Tritume,
1124 3409 1174 3475 die,
1201 3411 1252 3463 wie
1271 3409 1302 3463 Ι).
1322 3409 1410 3464 selbst

259 3516 302 3553 am
322 3497 450 3552 Schlusse
469 3497 557 3550 dieser
569 3498 729 3552 Meditatlon
747 3499 907 3563 anerkennt,
926 3497 997 3553 nach
1016 3500 1077 3552 dem
1091 3499 1240 3554 Erwucheu
1259 3516 1325 3566 gem
1344 3499 1408 3553 fort·

259 3590 364 3655 gesetzt
376 3586 497 3650 werden;
516 3587 640 3641 existiert
652 3586 716 3641 aber
728 3586 812 3640 sehon
824 3587 862 3640 im
874 3587 990 3641 Traume
1009 3587 1074 3641 kein
1092 3588 1273 3656 allgemein
1290 3587 1408 3655 gllltiges

259 3675 643 3743 Uuterscheidungsmerkmal
662 3693 723 3729 vom
736 3676 867 3741 Waohen,
886 3693 944 3730 was
963 3677 1055 3731 wollte
1068 3694 1132 3731 man
1145 3677 1191 3730 der
1203 3675 1408 3746 refigite-philo-

259 3765 420 3836 sophischen
443 3764 560 3819 Ansicht
585 3764 825 3832 entgegenhalten,
851 3765 916 3819 dass
941 3765 991 3819 das
1016 3783 1100 3834 ganne
1122 3765 1239 3819 irdische
1262 3764 1353 3818 Leben
1371 3765 1408 3818 im

259 3854 388 3909 Hinblick
410 3854 458 3907 auf
475 3854 553 3908 einen
573 3854 631 3907 rein
650 3854 785 3922 geistigen
804 3853 1099 3909 Erkenntnisszustand
1118 3873 1168 3908 nur
1188 3855 1275 3907 ciuem
1293 3853 1408 3907 Traume

259 3943 446 4011 vergleichbar
465 3944 512 4008 sei,
532 3960 582 3997 aus
601 3942 662 3995 dem
681 3943 730 3995 wir
748 3943 784 3995 im
803 3941 876 3996 'Pede
896 3943 1061 3998 erwachen‘l

368 4030 403 4098 ¹⁸)
428 4031 480 4084 Die
505 4031 706 4099 Berechtigung
733 4031 780 4084 dar
807 4032 851 4084 fdr
878 4033 927 4086 das
953 4032 1063 4102 System
1091 4031 1284 4086 wesentlichen
1313 4031 1409 4085 Unter·

259 4121 408 4188 scheidung
433 4119 567 4175 zwischen
586 4119 796 4189 Einzelkorpem
820 4121 875 4175 und
901 4121 1005 4191 Kdrper
1026 4122 1064 4175 im
1087 4120 1284 4189 Allgemeinen,
1310 4118 1358 4174 hat
1376 4119 1409 4173 D.
