3204 4874
263 401 325 465 170
700 393 840 448 nauseo
859 393 965 460 uuna.

261 592 453 659 durationes
468 592 614 673 assigno.
654 589 726 655 Nec
742 592 873 655 tantum
896 589 953 654 illa
976 589 1024 654 sic
1047 589 1082 653 in
1106 608 1229 670 genere
1253 592 1406 673 spectata

260 708 341 773 mihi
364 708 462 792 plane
485 710 565 772 nota
589 710 624 773 et
652 709 829 791 perspecta
859 705 977 788 sunt,⁷)
1009 704 1067 770 sed
1096 706 1273 788 praeterea
1303 704 1404 770 etiam

260 822 475 908 particularia
503 822 677 888 innumera
707 822 748 887 de
771 821 896 904 figuris,
928 822 969 886 de
998 841 1145 900 numero,
1178 819 1219 885 de
1249 823 1340 886 motu
1371 823 1406 885 et
1457 867 1463 876 ·

261 937 423 1004 similibus
446 937 649 1004 attendendo
673 937 830 1022 percipio,
855 957 993 1018 qnorum
1016 936 1144 1001 veritas
1174 935 1257 1001 adeo
1287 939 1405 1019 aperta

261 1057 323 1134 est,
357 1057 392 1120 et
425 1056 566 1119 naturae
599 1073 694 1119 meae
727 1056 961 1132 consentanee,
995 1055 1034 1117 ut
1066 1052 1142 1117 dum
1174 1049 1231 1115 illa
1262 1049 1405 1136 primum

262 1167 392 1252 detego,
416 1191 481 1234 non
505 1172 574 1234 tam
598 1168 714 1234 videar
730 1167 852 1249 aliquid
870 1167 946 1232 novi
963 1167 1145 1247 addiscere,
1169 1187 1269 1249 quam
1292 1186 1405 1232 eorum

261 1305 346 1368 qnae
378 1283 444 1349 iam
477 1287 556 1350 ante
591 1284 736 1351 sciebam
768 1282 978 1367 reminisci,⁸)
1011 1283 1083 1348 sive
1117 1282 1159 1347 ad
1192 1303 1232 1348 ea
1264 1281 1406 1366 primum

262 1401 438 1466 advertere
462 1421 546 1483 quae
571 1399 692 1465 dudum
716 1398 848 1481 quidem
871 1397 906 1462 in
921 1418 975 1463 me
994 1400 1100 1476 erant,
1123 1396 1203 1462 licet
1226 1418 1291 1463 non
1314 1396 1406 1481 prius

261 1517 296 1582 in
318 1516 375 1582 illa
398 1516 548 1582 obtutum
572 1514 694 1581 mentis
714 1513 963 1581 convertissem.
1003 1512 1160 1595 Quodque
1184 1513 1238 1578 hic
1261 1512 1405 1578 maxime

262 1632 537 1698 considerandum
571 1634 661 1715 pute,
696 1629 829 1696 invenio
868 1628 956 1713 apud
994 1650 1047 1694 me
1084 1628 1276 1694 innumeras
1313 1626 1407 1693 ideas

262 1747 478 1829 quarumdam
502 1767 623 1827 rerum,
656 1767 741 1829 quae
765 1743 896 1811 etiamsi
920 1748 1094 1811 extreme
1118 1743 1263 1811 fortasse
1292 1742 1407 1809 nullibi

262 1851 420 1943 existant,
434 1884 498 1928 non
513 1865 625 1928 tamen
641 1862 705 1927 dici
720 1864 861 1946 possunt
875 1860 956 1925 nihil
972 1859 1091 1944 esse39)
1108 1863 1143 1925 et
1156 1859 1308 1943 quamvis
1322 1879 1342 1924 a
1354 1879 1407 1923 me

262 1978 501 2061 quodammodo
536 1979 580 2044 ad
611 1978 787 2044 arbitrium
821 1977 1020 2059 cogitentur,
1055 1996 1122 2041 non
1154 1978 1268 2041 tamen
1302 1995 1322 2040 a
1353 1995 1407 2041 me

260 2093 440 2176 finguntur,
472 2094 531 2159 sed
558 2115 636 2160 sues
664 2093 790 2168 habent
816 2114 915 2159 veras
944 2095 979 2158 et
1005 2091 1228 2157 immutabiles
1252 2095 1405 2157 naturas:

261 2212 299 2275 ut
322 2213 406 2290 cum,
437 2210 580 2294 exempli
603 2217 714 2291 causa,
745 2209 948 2292 triangulum
971 2207 1146 2291 imaginor,
1175 2208 1238 2273 etsi
1261 2207 1407 2276 fortasse

262 2325 339 2391 talis
365 2324 473 2408 figura
501 2325 614 2391 nullibi
636 2325 785 2408 gentium
815 2327 913 2390 extra
937 2323 1324 2407 cogitantionemmeam
1348 2347 1406 2391 ex-

260 2441 343 2506 istat
365 2461 427 2506 nec
450 2461 594 2523 unquam
617 2440 780 2521 extiterit,
805 2443 990 2506 esttamen
1013 2440 1163 2524 profecto
1185 2440 1408 2507 determinata

262 2555 424 2638 quaedam
439 2555 510 2621 eius
530 2558 660 2637 natura,
685 2556 757 2621 sive
773 2555 930 2637 essentie,
954 2555 1025 2621 sive
1041 2555 1160 2636 forma,
1180 2556 1405 2638 immutabilia,

262 2674 297 2737 et
325 2674 473 2752 aeterna,
499 2691 584 2753 quae
609 2692 630 2737 a
656 2693 709 2737 me
738 2694 804 2738 non
834 2671 946 2738 efficta
976 2675 1038 2752 est,
1069 2693 1131 2738 nec
1154 2693 1174 2738 a
1198 2676 1309 2739 mente
1332 2693 1407 2739 mea

262 2786 485 2872 dependet,1⁰)
504 2790 542 2852 ut
560 2790 656 2872 patet
674 2809 717 2853 ex
735 2809 772 2855 eo
793 2788 880 2870 quod
897 2787 1118 2854 demonstrari
1144 2789 1274 2873 possint
1292 2788 1406 2855 variae

260 2903 484 2988 proprietates
509 2904 549 2969 de
573 2903 639 2969 isto
661 2904 838 2986 triangulo,
863 2924 982 2988 nempe
1002 2904 1090 2986 quod
1110 2904 1182 2970 eius
1203 2908 1274 2970 tres
1294 2905 1406 2987 anguli

261 3019 329 3085 sint
348 3019 505 3101 aequales
525 3019 652 3086 duobus
673 3019 787 3099 rectis;
812 3021 899 3102 quod
914 3020 1060 3087 maximo
1076 3021 1147 3086 eius
1163 3022 1284 3104 angulo
1300 3021 1408 3086 maxi·

179 3217 181 3222 ,
261 3155 351 3200 mum
365 3135 453 3200 latus
468 3134 699 3216 subtendatur,
711 3139 746 3201 et
755 3135 889 3216 similes,
901 3156 983 3218 quas
993 3136 1092 3202 velim
1107 3136 1208 3202 nolim
1218 3137 1307 3202 clere
1321 3159 1407 3202 nunc

261 3270 416 3333 agnosco,
438 3249 571 3317 etiamsi
588 3251 628 3316 de
643 3250 686 3316 iis
701 3250 888 3318 nullomodo
905 3254 1006 3317 antea
1023 3251 1241 3334 cogitaverim
1257 3256 1329 3318 cbm
1347 3251 1408 3318 tri·

261 3365 419 3447 angulum
434 3365 637 3448 imaginatus
654 3386 736 3446 sum,
748 3387 809 3432 nec
823 3365 961 3449 proinde
973 3387 993 3432 a
1006 3387 1058 3432 me
1074 3366 1200 3434 fuerint
1216 3369 1408 3450 effictaess)

372 3576 392 3644 ⁷)
411 3575 493 3631 Nicht
510 3575 586 3631 bloes
604 3577 648 3631 die
660 3577 847 3646 Ausdehnung
865 3577 908 3632 als
926 3577 1184 3647 Allgemeinbegriff,
1203 3579 1321 3633 eondern
1339 3579 1409 3634 auch

261 3665 315 3723 alle
333 3665 391 3720 ihre
409 3665 482 3720 modi
500 3667 609 3720 werden
628 3667 670 3722 als
687 3668 810 3722 bekannt
827 3671 1039 3736 vcrauegeeetzt.
1295 3687 1299 3694 ·

369 3753 391 3826 8)
410 3755 471 3809 Wir
489 3755 597 3826 pilegen
615 3758 657 3810 oft
674 3774 708 3810 zu
725 3756 850 3824 lengnen,
868 3756 964 3825 irgend
982 3761 1068 3813 etwas
1086 3775 1140 3812 von
1158 3758 1285 3812 Anderen
1303 3756 1410 3826 gelernt

261 3862 294 3899 zu
311 3844 408 3911 haben,
427 3845 490 3899 weil
508 3862 560 3900 uns
578 3846 628 3900 das
647 3844 818 3901 Betreffende
836 3863 869 3900 zu
888 3845 995 3901 einfach
1013 3847 1176 3902 vorkommt.

370 3934 391 4003 9)
415 3933 466 3988 nin
486 3933 583 3990 Nichts
605 3935 697 3988 wfirde
721 3934 796 3989 nicht
817 3933 917 3990 einmnl
942 3935 985 3988 die
1010 3935 1135 4001 ,realitas
1156 3934 1305 4007 objectim‘
1333 3936 1411 3992 eines

261 4021 541 4092 Vorstellungebildee
557 4024 649 4078 bieten
667 4023 785 4078 kdnnen.

371 4112 404 4180 ¹⁰)
423 4112 456 4166 D.
476 4113 604 4168 schliesst
622 4112 681 4168 sich
704 4113 766 4167 dem
785 4116 928 4168 extremen
946 4113 1099 4178 Realismus,
1119 4132 1161 4181 an,
1186 4113 1257 4169 nach
1276 4113 1411 4169 walchem
