3212 4872
277 395 342 462 130
719 387 860 447 Meditatio
879 387 977 446 Tertia.

275 589 447 674 servat.⁸³)
497 588 571 654 Nec
601 585 681 672 fingi
711 591 824 672 potest
853 588 964 673 plures
994 586 1083 654 forte
1113 607 1232 653 causas
1262 584 1423 672 partiales

275 707 318 773 ad
341 727 395 772 me
426 703 636 770 efficiendum
666 703 883 785 concurrisse,
915 706 949 770 et
972 703 1014 771 ab
1038 710 1105 770 una
1126 703 1237 770 ideam
1259 704 1357 770 unius
1380 726 1423 771 ex

274 820 536 907 perfectionibus
565 840 648 903 quas
671 820 741 886 Deo
771 819 891 901 tribuo,
922 820 964 886 ab
988 819 1054 885 alia
1076 819 1186 885 ideam
1210 819 1347 886 alterius
1370 842 1423 887 me

276 935 454 1020 accepisse,
480 936 562 1002 adeo
586 940 623 1002 ut
646 956 762 1001 omnes
785 935 918 1018 quidem
946 934 1022 1001 illae
1050 934 1273 1019 perfectiones
1303 935 1423 1001 alicubi

274 1053 309 1118 in
332 1052 487 1118 universo
514 1050 735 1136 reperiantur,
768 1051 827 1116 sed
857 1073 923 1118 non
955 1071 1069 1117 omnes
1099 1050 1196 1116 simul
1226 1050 1359 1118 iunctae
1388 1051 1422 1116 in

274 1190 339 1235 uno
370 1167 489 1250 aliquo,
521 1167 576 1250 qui
604 1167 649 1233 sit
672 1168 777 1246 Deus;
808 1187 884 1232 narn
918 1169 1034 1233 contra
1063 1166 1186 1248 unitas,
1217 1167 1422 1252 simplicitas,

174 1307 177 1314 ’
275 1285 347 1351 sive
369 1283 638 1368 inseparabilitas
662 1303 776 1350 eorum
800 1281 946 1348 omnium
970 1303 1054 1365 quae
1085 1283 1120 1349 in
1144 1285 1214 1350 Deo
1237 1287 1325 1365 sunt,
1356 1304 1423 1350 una

174 1407 176 1412 '
275 1403 328 1466 est
351 1421 394 1466 ex
417 1398 604 1484 praecipuis
627 1398 887 1484 perfectionibus
903 1419 986 1481 quas
1006 1398 1041 1464 in
1056 1420 1096 1466 eo
1113 1421 1187 1466 esse
1203 1399 1421 1484 intelligo;⁸4)

275 1538 336 1583 nec
366 1519 457 1582 certe
487 1513 585 1581 istius
616 1515 763 1581 omnium
793 1515 864 1580 eius
896 1514 1139 1599 perfectionum
1173 1515 1312 1582 unitatis
1347 1515 1423 1582 idea

275 1632 310 1698 in
332 1653 386 1698 me
409 1630 519 1717 potuit
540 1631 618 1716 poni
641 1631 683 1697 ab
707 1632 774 1696 ulla
797 1637 908 1713 causa,
931 1651 951 1696 a
971 1638 1035 1714 qua
1058 1631 1160 1698 etiarn
1184 1632 1324 1698 aliarum
1346 1653 1422 1717 per-

275 1745 456 1814 fectionum
479 1748 573 1813 ideas
605 1769 671 1813 non
697 1747 885 1827 habuerim;
917 1768 1023 1830 neque
1047 1747 1135 1813 enirn
1159 1749 1291 1815 efficere
1314 1749 1423 1833 potuit

276 1867 314 1930 ut
342 1863 417 1929 illas
450 1863 546 1929 simul
580 1862 721 1944 iunctas,
755 1867 790 1930 et
821 1863 1060 1948 inseparabiles
1092 1864 1323 1946 intelligerem,
1358 1863 1422 1930 nisi

275 1980 372 2046 simul
410 1980 559 2046 effecerit
595 1983 634 2046 ut
672 2000 835 2062 quaenam
876 1980 953 2046 illae
992 1983 1105 2046 essent
1143 1981 1421 2068 agnoscerem.⁸⁶)

276 2096 441 2175 Quantum
466 2095 607 2178 denique
638 2097 861 2181 adparentes
892 2095 1025 2178 attinet,
1056 2099 1094 2162 ut
1116 2096 1227 2162 omnia
1249 2115 1331 2162 vera
1354 2095 1421 2160 sint

276 2233 360 2295 quae
385 2212 425 2278 de
448 2211 513 2277 illis
541 2233 687 2294 unquam
715 2211 842 2297 putavi,
874 2234 940 2278 non
969 2214 1083 2277 tamen
1112 2213 1262 2296 profecto
1292 2212 1339 2277 illi
1368 2233 1422 2278 me

276 2330 487 2409 conservant,
523 2348 584 2393 nec
617 2327 719 2394 etiam
749 2327 814 2393 ullo
845 2328 941 2394 modo
972 2348 1035 2408 me,
1072 2331 1235 2410 quatenus
1265 2350 1338 2394 surn
1367 2349 1423 2394 res

276 2442 438 2526 cogitans,
469 2446 664 2523 effecerunt;
696 2444 754 2510 sed
785 2446 916 2510 tantum
948 2442 1181 2528 dispositiones
1205 2444 1364 2526 quasdam
1387 2443 1422 2508 in

276 2580 317 2625 ea
340 2559 483 2625 materia
505 2562 696 2644 posuerunt,
722 2559 774 2624 cui
794 2580 857 2641 me,
882 2558 944 2626 hoc
961 2562 1013 2626 est
1029 2562 1185 2640 mentem,
1202 2580 1301 2642 quam
1318 2559 1421 2626 solam

276 2695 363 2741 nunc
394 2696 454 2759 pro
487 2696 540 2741 me
570 2673 706 2758 accipio,
739 2674 849 2740 inesse
881 2674 1035 2756 iudicavi,
1046 2675 1088 2760 86)
1125 2697 1164 2742 ac
1198 2675 1337 2760 proinde
1368 2676 1422 2741 hfc

276 2791 367 2856 nulla
396 2790 436 2855 de
465 2790 507 2855 iis
538 2789 715 2857 difficultas
746 2811 820 2856 esse
849 2793 971 2875 potest,
1005 2793 1064 2858 sed
1096 2792 1227 2859 omnino
1261 2796 1314 2859 est
1345 2814 1423 2859 con-

277 2905 473 2972 cludendum
506 2926 549 2971 ex
578 2905 641 2972 hoc
675 2907 744 2973 solo
780 2906 866 2990 quod
900 2906 1054 2988 existam,
1088 2889 1315 2991 quaedamque
1347 2907 1423 2973 idea
1484 2989 1490 3002 Ι

278 3021 366 3088 entis
392 3021 638 3107 perfectissimi,
670 3022 732 3090 hoo
763 3027 815 3090 est
839 3023 910 3105 Dei,
942 3023 976 3088 in
1005 3045 1058 3089 me
1090 3024 1144 3106 sit,
1175 3023 1423 3090 evidentissime

278 3137 498 3204 demonstrari
527 3138 633 3205 Deum
664 3139 766 3206 etiam
798 3115 1014 3224 existerent
1050 3140 1209 3224 Superest
1232 3142 1362 3206 tanturn
1386 3142 1424 3205 ut

374 3334 409 3399 ⁸³)
435 3333 467 3386 In
492 3332 540 3386 der
562 3333 705 3389 Annahmo
730 3335 804 3390 einer
825 3334 1071 3390 unendliohon
1096 3334 1180 3389 Reihe
1205 3353 1260 3390 von
1284 3334 1424 3390 Ursachen

277 3420 346 3489 liegt
367 3420 432 3475 kein
452 3421 723 3493 Denkwiderspruch.
759 3425 793 3478 Ι).
811 3424 946 3479 'schliesst
966 3423 1025 3478 sich
1049 3424 1096 3478 der
1113 3424 1321 3480 thomistischen
1338 3423 1424 3478 Lehre

279 3529 321 3574 an,
344 3509 414 3564 nach
435 3509 554 3565 welcher
576 3530 647 3566 zwar
673 3513 732 3565 eine
754 3512 915 3566 unendliche
933 3512 1019 3567 Reiho
1044 3513 1091 3567 der
1112 3531 1225 3580 ,causae
1243 3513 1424 3578 materialos“,

278 3599 354 3654 nioht
377 3599 442 3654 aber
466 3599 513 3652 der
538 3617 652 3665 ,causae
676 3601 841 3656 efficientes“
863 3602 1023 3669 zugelassen
1041 3602 1115 3668 wird,
1138 3603 1189 3657 mit
1211 3603 1328 3657 anderen
1346 3602 1424 3656 Wor-

279 3693 333 3754 ten,
356 3689 399 3743 die
417 3688 501 3742 Reihe
520 3689 587 3743 wird
608 3689 646 3744 im
665 3690 777 3746 Gabiete
800 3691 849 3744 des
868 3690 1023 3746 Sinnliohen
1041 3691 1205 3746 willlrbrlich
1229 3692 1424 3759 abgabrochen,

279 3796 325 3833 um
344 3778 386 3832 die
408 3777 508 3847 ,primo
527 3781 623 3833 causal
651 3780 858 3833 transscendent
886 3781 980 3836 fassen
997 3798 1030 3834 zu
1048 3780 1165 3847 kbnnen,
1194 3782 1237 3834 ein
1256 3780 1353 3834 Fehler
1378 3782 1426 3835 der

279 3866 516 3936 kosmologischen
534 3867 690 3933 Beweisart,
714 3868 837 3922 welchen
857 3869 965 3936 Ocoam,
984 3869 1073 3924 Home
1091 3870 1147 3924 und
1165 3870 1239 3923 Ksnt
1261 3869 1427 3938 aufgedeokt

279 3956 376 4012 haben.
703 4005 704 4010 ,

376 4047 410 4114 ⁸⁴)
435 4046 485 4100 Die
511 4044 728 4116 philosophische
754 4045 911 4101 Gottesidee
936 4049 1056 4104 umfasst
1079 4049 1121 4115 als¹
1143 4047 1429 4104 Vollkommenheiten

281 4134 350 4191 auch
368 4134 480 4189 hochsto
499 4135 608 4190 Einhoit
625 4136 679 4190 und
698 4134 877 4190 Einfachheit,
1331 4131 1334 4136 ’
