3206 4862
272 446 276 459 ¹
298 449 360 513 126
740 442 880 496 Meditatio
899 441 999 496 Tertia.

297 662 381 724 quae
404 641 536 706 facilius
558 639 675 706 haberi
698 642 838 725 possunt
861 640 1094 721 denegassem:
1125 639 1184 704 sed
1207 659 1323 733 neque,
1343 639 1445 704 ctiam

296 759 363 823 ulla
387 757 453 822 alia
477 778 520 822 ex
542 756 594 838 iis,
619 777 704 839 quae
734 756 769 820 in
792 756 868 822 idea
891 755 953 820 Dei
985 754 1147 821 contineri
1176 754 1338 840 percipio;
1371 755 1448 838 quia

297 895 416 958 nempe
438 873 529 939 nulla
553 871 741 938 difficiliora
764 871 856 936 factu
880 869 961 936 mihi
977 870 1148 950 videntur3
1174 871 1202 936 si
1226 891 1311 954 quae
1335 875 1447 936 autem

297 988 483 1055 difficiliora
522 987 614 1054 iactu
652 987 828 1072 essent‚⁷⁵)
869 990 960 1053 certe
999 986 1101 1052 etiam
1139 986 1221 1052 mihi
1260 986 1447 1053 difficiliora

297 1104 501 1185 viderentur,
530 1103 693 1186 siquidem
721 1102 849 1185 reliqua
880 1122 964 1184 quae
994 1101 1112 1183 haheo,
1144 1123 1164 1167 a
1194 1123 1247 1167 me
1276 1102 1444 1183 haberem,

298 1219 452 1302 quoniam
494 1219 528 1285 in
570 1218 636 1284 illis
676 1219 860 1303 potentiam
904 1239 1012 1284 meam
1051 1217 1224 1284 terminari
1264 1218 1444 1302 experirer.

298 1335 416 1418 Neque
440 1334 507 1400 vim
531 1334 649 1400 harum
672 1334 838 1401 rationum
863 1334 994 1416 effugio,
1024 1333 1052 1399 si
1076 1354 1259 1419 supponam
1282 1334 1446 1400 maforte

207 1439 209 1444 ⁵
298 1450 482 1535 semper'ffl)
506 1450 611 1516 fuisse
634 1453 671 1515 ut
695 1471 781 1515 nunc
805 1471 888 1530 sum,
915 1453 1075 1532 tanquam
1100 1449 1128 1514 si
1150 1449 1228 1515 inde
1252 1453 1447 1532 sequeretur

298 1567 422 1632 nultum
447 1565 649 1632 existentiae
672 1587 768 1631 meae
791 1565 965 1632 authorem
996 1587 1070 1632 esse
1101 1566 1335 1648 quaerendum,
1367 1586 1446 1647 quo-

298 1681 387 1747 niam
412 1681 499 1748 enim
523 1701 619 1747 omne
643 1684 776 1765 tempus
799 1681 890 1747 vitae
919 1681 952 1746 in
977 1684 1093 1766 partes
1121 1681 1312 1746 innumeras
1344 1680 1446 1745 dividi

298 1800 411 1883 potest
434 1818 572 1879 quarum
597 1797 748 1879 singulae
772 1796 943 1880 areliquis
966 1797 1055 1863 nullo
1078 1797 1175 1863 modo
1200 1795 1445 1881 dependent‚⁷⁷)

237 2003 241 2010 ⁶
299 1935 342 1978 ex
365 1934 403 1979 eo
428 1912 515 1994 quod
538 1913 635 1997 paulo
659 1917 737 1979 ante
761 1913 881 1979 fuerim
905 1934 971 1979 non
988 1913 1137 1995 sequitur
1153 1933 1205 1978 me
1222 1932 1309 1978 nunc
1326 1912 1447 1978 dehere

298 2050 382 2109 esse,
422 2028 486 2094 nisi
526 2029 635 2110 aliqua
674 2049 775 2094 causa
813 2049 866 2094 me
901 2029 995 2111 quasi
1030 2049 1146 2093 rursus
1181 2030 1273 2093 creet
1307 2028 1349 2092 ad
1383 2027 1446 2093 hoc

298 2147 512 2224 momentum,
543 2143 605 2210 hoc
637 2147 689 2210 est
719 2165 772 2208 me
803 2146 988 2210 conservet.
1036 2143 1250 2228 Perspicuum
1282 2143 1370 2208 enim
1395 2145 1447 2208 est

299 2259 487 2324 attendenti
526 2260 569 2325 ad
608 2259 792 2324 durationis
831 2262 995 2340 naturam,
1036 2259 1152 2325 eadem
1192 2261 1290 2343 plane
1328 2257 1373 2338 vi,
1413 2260 1447 2322 et

300 2375 430 2440 actione
472 2396 553 2458 opus
589 2395 662 2440 esse
704 2376 746 2440 ad
780 2395 851 2440 rem
885 2375 1066 2457 quamlibet
1098 2375 1237 2457 singulis
1270 2373 1447 2440 momentis

300 2491 418 2573 quihus
441 2490 540 2555 durat
563 2491 834 2571 conservandam,
865 2497 930 2572 qud
954 2511 1037 2574 opus
1061 2492 1152 2556 esset
1175 2490 1217 2554 ad
1242 2490 1381 2555 eandem
1405 2489 1446 2554 de

299 2627 385 2672 novo
410 2606 587 2671 creandam
604 2605 632 2671 si
648 2606 792 2671 nondum
809 2605 981 2686 existeret,
1006 2606 1089 2671 adeo
1105 2607 1143 2670 ut
1158 2604 1445 2670 conservationem

300 2722 370 2786 sola
392 2721 522 2786 ratione
539 2741 558 2786 a
574 2721 743 2786 creatione
767 2721 900 2786 differre
921 2721 966 2785 sit
989 2721 1090 2786 etiam
1113 2741 1214 2785 unum
1239 2742 1282 2786 ex
1301 2720 1344 2785 iis
1361 2741 1445 2803 quae

300 2837 422 2901 lumine
461 2837 604 2901 naturali
644 2837 823 2902 manifesta
861 2835 1001 2920 sunt.⁷⁸)
1062 2836 1180 2918 Itaque
1219 2837 1321 2901 debeo
1361 2857 1448 2901 nuno

299 2951 508 3034 interrogare
537 2973 591 3017 me
619 2952 737 3036 ipsum,
769 2973 812 3017 an
839 2952 981 3018 habeam
1006 2951 1150 3034 aliquam
1173 2951 1241 3016 vim
1264 2973 1324 3036 per
1348 2971 1447 3034 quam

409 3111 443 3178 ⁷⁶)
462 3109 544 3164 Wtrc
563 3110 605 3163 die
624 3111 790 3178 Erwerbung
813 3110 958 3178 gdttliehcr
971 3109 1254 3164 Vollkommenheitcn
1276 3108 1449 3176 schwieriger

300 3197 342 3252 als
360 3198 409 3252 das
428 3198 491 3252 Scin
510 3216 559 3252 aus
577 3199 686 3266 cigener
698 3200 786 3264 Kraft,
804 3217 835 3253 so
848 3201 953 3253 mdeste
965 3198 1024 3252 sich
1037 3199 1095 3252 dies
1107 3199 1144 3252 im
1157 3198 1343 3254 Bewusstsein
1361 3197 1447 3250 kund-

300 3287 395 3354 gebcn.
426 3288 487 3341 Nun
505 3287 552 3341 bin
570 3287 614 3341 ich
631 3288 684 3341 mir
700 3289 830 3352 bewusst,
850 3287 925 3342 nicht
943 3305 993 3342 aus
1011 3288 1063 3340 mir
1081 3287 1168 3341 selbst
1186 3305 1219 3340 zu
1238 3289 1304 3352 sein,
1323 3288 1352 3341 in
1363 3286 1447 3354 Folge

300 3376 400 3430 dassen
417 3377 498 3430 weiss
521 3376 565 3429 ich
587 3376 664 3442 auch,
690 3377 753 3430 dass
775 3377 820 3430 ich
837 3377 889 3430 mir
907 3377 956 3430 das
978 3395 1013 3430 an
1035 3376 1093 3430 sich
1111 3376 1299 3441 Leichtere,
1329 3374 1447 3429 nhmlich

300 3464 344 3517 die
361 3463 511 3532 gdtth‘chcn
523 3463 807 3519 Vollkommenheiten
826 3465 901 3520 nicht
919 3465 1058 3520 verleihcn
1077 3464 1188 3518 konnte.

409 3553 443 3617 76)
461 3553 503 3604 Im
522 3552 603 3606 Sinne
622 3553 695 3606 einer
713 3553 879 3621 Ewigkeit
896 3555 944 3607 der
962 3551 1165 3608 menschlichen
1184 3553 1241 3606 Art.

410 3639 444 3708 Π)
462 3640 512 3694 Die
530 3641 587 3694 Zeit
607 3641 714 3696 kommt
732 3642 802 3695 nach
820 3644 991 3696 moderner
1007 3641 1177 3709 huffassung
1196 3641 1273 3695 nicht
1291 3640 1375 3694 durch
1393 3640 1447 3693 Ad·

300 3729 384 3783 dition
401 3729 542 3794 kleinster,
556 3748 610 3784 von
628 3731 755 3785 einander
771 3731 975 3799 unabhtngiger
987 3730 1135 3785 Theilchen
1153 3747 1186 3784 zu
1204 3731 1312 3794 Standc,
1331 3728 1448 3782 sondern

300 3819 343 3872 die
356 3819 445 3873 Dauer
461 3819 510 3872 des
527 3818 728 3873 menschlichcn
741 3821 854 3885 hebens,
867 3839 922 3874 von
939 3821 986 3873 der
1001 3818 1060 3873 hier
1077 3819 1119 3872 die
1133 3819 1208 3872 Rode
1223 3819 1268 3884 ist,
1285 3817 1371 3872 bildet
1387 3817 1446 3870 eine

299 3907 456 3962 Limitation
472 3908 521 3960 der
532 3907 678 3976 apriorisch
691 3909 849 3976 gegebenen
864 3908 958 3962 reinen
970 3907 1249 3976 Auschauungsform.
1274 3905 1352 3960 Auch
1368 3923 1449 3959 wenn

300 4013 362 4050 man
375 3996 451 4050 nicht
463 3997 511 4049 auf
521 3995 696 4050 Kant’schem
709 3995 881 4066 Standpunkt
898 3996 979 4062 steht,
998 4014 1074 4050 muas
1090 4015 1138 4050 zur
1151 3995 1305 4062 Erkltrung
1323 3995 1371 4047 der
1382 3993 1448 4048 Ver-

300 4084 497 4138 andcrliehkeit
508 4083 535 4137 in
548 4084 596 4137 der
608 4084 852 4154 psychologischen
863 4087 919 4139 und
931 4085 1164 4140 astronomischcn
1176 4084 1233 4138 Zeit
1249 4083 1308 4137 eine
1320 4081 1449 4150 gleich-

300 4174 426 4240 mtssig
444 4172 525 4226 dahin
538 4172 683 4227 fliessendc
696 4173 753 4228 Zeit
771 4173 813 4228 als
830 4175 916 4230 fester
928 4175 1065 4230 Massstab
1085 4190 1282 4242 angenommen
1294 4172 1411 4226 werden.
