3188 4876
260 406 301 469 54
705 402 846 456 Meditatio
866 402 962 456 Prima.

260 599 434 681 dutum,¹²)
466 599 617 665 chartam
641 599 741 665 istam
772 599 925 665 manibus
956 603 1176 680 contrectare,
1209 605 1244 667 et
1274 602 1412 668 similia:

260 735 377 780 manus
407 736 486 781 vero
510 715 573 781 has
602 716 703 800 ipsas,
735 719 908 798 totumque
939 715 1001 781 hoc
1033 737 1151 800 corpus
1184 737 1293 782 meum
1326 739 1410 799 esse,

260 837 325 912 qua
346 830 477 896 ratione
506 835 621 915 posset
643 829 781 914 negari?
811 829 874 895 nisi
898 852 951 897 me
975 831 1063 897 forte
1087 853 1277 916 comparem
1300 833 1413 899 nescio

173 987 175 991 ,
260 945 378 1028 quibus
408 944 544 1026 insanis,
577 967 716 1029 quorum
747 946 911 1012 cerebella
941 950 1010 1012 tam
1035 950 1214 1013 contumax
1239 968 1344 1032 vapor
1362 971 1411 1038 ,ex

261 1065 335 1126 atra
358 1060 423 1126 bile
446 1061 688 1144 labefactatffl)
713 1064 751 1127 ut
774 1065 967 1128 constanter
991 1068 1187 1129 asseverent
1211 1065 1264 1130 vel
1284 1086 1321 1131 se
1337 1086 1412 1131 esse

260 1197 369 1258 reges,
395 1197 468 1242 cum
492 1181 570 1242 sunt
593 1177 806 1262 pauperrimi,
831 1177 884 1243 vel
908 1186 1054 1262 purpura
1073 1179 1217 1260 indutos,
1243 1201 1316 1245 cum
1334 1183 1413 1245 sunt

261 1291 349 1370 nudi,
374 1292 427 1357 vel
451 1295 552 1376 caput
575 1292 699 1359 habere
723 1293 838 1374 fictile,
863 1294 917 1358 vel
941 1316 977 1361 se
1000 1298 1090 1361 totos
1113 1316 1187 1361 esse
1211 1295 1411 1375 cucurbitae,

261 1407 314 1473 vel
339 1429 380 1473 ex
404 1407 492 1473 vitro
516 1408 744 1492 conflatos;14)
768 1409 827 1474 sed
849 1413 999 1474 amentes
1024 1414 1102 1475 sunt
1125 1409 1193 1490 isti,
1219 1431 1280 1476 nec
1302 1411 1413 1476 minus

261 1523 333 1608 ipse
358 1524 545 1608 semelen)
577 1525 719 1606 viderer,
751 1525 890 1607 siquod
923 1526 964 1590 ab
994 1525 1036 1590 iis
1067 1526 1255 1610 exemplum
1284 1527 1328 1591 ad
1358 1548 1412 1591 me

260 1639 489 1705 transferrem.
537 1641 712 1706 Praeclare
744 1661 836 1719 sane,
867 1644 1025 1723 tanquam
1058 1662 1121 1707 non
1147 1639 1210 1706 sim
1233 1642 1331 1707 homo
1355 1641 1411 1723 qui

262 1755 384 1823 soleam
418 1759 517 1822 noctu
549 1756 703 1837 dormire,
735 1760 769 1822 et
800 1756 1411 1841 eademomniainsomnispati,1⁶)

262 1872 315 1938 vel
353 1871 454 1938 etiam
493 1871 659 1938 interdum
698 1872 807 1938 minus
845 1872 1052 1953 verisimilia,
1094 1893 1192 1954 quam
1232 1893 1316 1954 quac
1354 1872 1410 1938 isti

261 1986 455 2070 vigilantes:
480 2009 579 2070 quam
602 1988 797 2070 frequenter
819 2009 900 2054 vcro
924 1988 1049 2054 usitata
1073 1988 1149 2069 ista,
1174 2009 1226 2054 me
1247 1988 1302 2059 hic
1325 2009 1411 2059 esse.

261 2106 342 2185 toga
365 2103 492 2183 vestiri,
517 2103 591 2170 foco
615 2104 774 2181 assidere,
799 2105 893 2186 quies
917 2108 1079 2170 nocturna
1107 2103 1307 2188 persuadet?
1336 2125 1409 2169 cum

262 2221 376 2284 tamen
398 2219 517 2304 positis
541 2219 690 2284 vestibus
713 2219 806 2285 iaceo
829 2219 917 2285 inter
941 2222 1064 2298 strata;
1089 2219 1180 2300 atqui
1209 2240 1295 2284 nunc
1319 2222 1412 2284 certe

263 2335 477 2416 vigilantibus
501 2335 604 2402 oculis
626 2335 757 2401 intueor
779 2335 866 2401 hanc
895 2334 1056 2414 chartam,
1088 2356 1153 2400 non
1184 2334 1327 2418 sopitum
1358 2337 1412 2400 est

263 2450 326 2515 hoc
349 2454 449 2534 caput
472 2450 560 2532 quod
582 2471 783 2530 commoveo,
808 2471 942 2516 manum
965 2449 1065 2515 istam
1088 2450 1234 2533 prudens
1250 2453 1286 2516 et
1301 2450 1412 2522 sciens

264 2565 419 2646 extendo,
439 2568 474 2631 et
489 2565 607 2646 sentio,
625 2586 691 2631 non
706 2570 776 2631 tam
793 2566 952 2631 distincta
968 2565 1202 2647 contingerent
1217 2564 1410 2632 dormienti:

264 2680 358 2762 quasi
382 2679 508 2746 scilicet
531 2702 597 2747 non
617 2681 773 2746 recorder
796 2701 816 2745 a
840 2679 1001 2745 similibus
1025 2679 1126 2745 etiam
1152 2680 1412 2762 cogitationibus

264 2817 316 2861 me
355 2796 438 2861 alias
476 2796 510 2861 in
549 2796 673 2862 somnis
711 2796 815 2862 fuisse
855 2795 1019 2861 delusum:
1060 2815 1145 2877 quae
1185 2795 1261 2860 dum
1301 2795 1413 2877 cogito

264 2911 436 2992 attentius,
461 2915 531 2977 tam
554 2913 653 2996 plane
677 2911 774 2978 video
797 2932 965 2994 nunquam
989 2909 1091 2977 certis
1114 2910 1245 2976 indiciis
1262 2910 1412 2993 vigiliam

264 3047 284 3091 a
313 3049 428 3094 somno
458 3050 555 3112 posse
586 3027 803 3113 distinguam)
837 3031 874 3092 ut
906 3028 1150 3111 obstupescam,
1187 3029 1221 3092 et
1253 3026 1325 3091 fere
1358 3026 1414 3090 bic

373 3248 406 3316 ¹²)
425 3247 476 3301 Die
495 3248 629 3316 damalige
641 3248 777 3316 Kleidung
789 3247 1026 3302 verenschaulicht
1043 3247 1085 3300 D!
1099 3247 1216 3302 Pertrait
1233 3264 1287 3300 von
1309 3229 1414 3300 Franz

264 3337 345 3390 Hals
364 3336 401 3388 im
419 3337 532 3401 Louvre,
551 3337 594 3390 bei
612 3336 713 3391 Baillct
731 3336 904 3405 reproducirt.

374 3424 408 3491 ¹⁸)
426 3424 476 3478 nin
489 3426 675 3479 andanemdes
687 3426 742 3479 und
754 3424 993 3492 dichtgedrangtes
1006 3425 1211 3494 Empcrsteigen
1225 3425 1273 3478 der
1288 3420 1414 3495 ,spiritus

264 3513 410 3568 animales¹⁴
427 3529 476 3567 aus
488 3514 535 3567 der
547 3514 626 3568 Galle
645 3531 705 3568 zum
724 3513 825 3569 Gehirn
842 3513 942 3568 bildete
961 3513 1031 3568 nach
1050 3513 1200 3582 damaliger
1218 3513 1335 3568 Ansicht
1352 3514 1413 3567 eine

265 3601 385 3657 Ursache
400 3602 447 3655 der
460 3601 722 3670 Geisteskrankheit,
742 3603 784 3656 die
797 3603 826 3656 in
838 3603 887 3656 der
898 3603 978 3656 Form
991 3605 1115 3658 dilsterer
1130 3603 1414 3670 Gemllthsstimmung

264 3692 384 3760 beglnnt.

375 3779 409 3847 ¹⁴)
428 3780 478 3834 Die
498 3766 624 3835 alienatio
641 3781 761 3836 mentis
780 3781 893 3849 steigert
911 3780 970 3835 sich
989 3799 1035 3834 zur
1047 3781 1174 3836 alienatio
1192 3781 1340 3850 corporis
1358 3781 1414 3834 und

265 3871 347 3924 cndet
364 3869 415 3924 mit
432 3869 495 3924 dem
514 3870 673 3938 gtnzlichen
684 3870 811 3924 Verluste
831 3869 879 3924 des
898 3869 1332 3924 Persbnlichkeitsbewusstseins.

374 3959 408 4026 η)
427 3959 592 4014 Demens:
605 3958 723 4012 thbricht
740 3958 768 4012 in
787 3958 835 4011 der
852 3958 1055 4027 Bouitheilung.

375 4049 409 4116 ¹⁸)
428 4048 485 4102 Das
506 4048 591 4117 „patr
613 4046 680 4116 geht
700 4065 754 4101 von
778 4048 830 4101 den
850 4047 1147 4116 Vorstellungsbildem
1169 4047 1207 4101 im
1230 4047 1331 4101 Gehirn
1355 4064 1414 4110 aus,

265 4139 315 4192 aui
332 4138 412 4191 deren
432 4135 603 4204 Entstehung
622 4137 669 4190 der
687 4136 857 4191 Traumende
875 4135 975 4191 keinen
994 4136 1113 4192 Einfluss
1132 4136 1187 4190 hat.
