3186 4870
259 386 324 451 230
704 381 845 437 Meditatio
865 381 955 438 Sexta.

258 578 405 663 pluribus
429 599 472 644 ex
495 577 536 643 iis
560 577 603 644 ad
630 578 770 645 eandem
799 600 870 644 rem
901 578 1172 659 examinandam
1204 583 1239 646 et
1269 580 1405 665 insuper

258 693 426 775 memoria,
451 715 535 776 quae
558 693 750 778 praesentia
774 715 847 760 cum
870 695 1147 779 praecedentibus
1167 695 1344 777 connectit,
1370 700 1406 762 et

257 809 438 890 intellectu,
470 808 526 892 qui
555 808 622 874 iam
653 830 766 875 omnes
802 808 934 875 errandi
965 830 1084 875 causas
1119 811 1302 895 perspexit,
1338 833 1406 878 non

258 923 398 1008 amplius
421 924 531 990 vereri
555 924 658 990 debeo
682 945 723 990 ne
747 923 803 990 illa
826 945 911 1006 quae
935 924 1015 990 mihi
1040 924 1186 1007 quotidie
1211 947 1231 990 a
1250 927 1404 992 sensibus

258 1039 459 1105 exhibentur
485 1040 554 1106 sint
579 1040 676 1120 falsa,
707 1040 765 1105 sed
789 1040 1022 1124 hyperbolicae
1046 1040 1252 1125 superiorum
1276 1042 1404 1107 dierum

258 1153 481 1220 dubitationes
505 1157 543 1220 ut
564 1155 633 1220 risu
658 1155 778 1237 dignae
802 1158 879 1220 sunt
895 1155 1179 1239 explodendae,⁹⁷)
1203 1158 1402 1241 praesertim

258 1291 386 1334 summa
414 1269 472 1334 illa
502 1269 543 1334 de
574 1291 698 1350 somno,
729 1291 826 1353 quem
857 1270 1016 1353 avigilia
1045 1293 1111 1338 nou
1142 1271 1404 1356 distinguebam
1494 1290 1497 1294 ·

258 1407 344 1450 nunc
372 1384 460 1450 enim
491 1385 630 1452 adverto
660 1407 878 1470 permagnum
907 1386 995 1452 inter
1024 1389 1201 1468 utrumque
1232 1409 1306 1454 esse
1336 1389 1404 1455 dis-

258 1499 382 1565 crimen
405 1499 439 1566 in
463 1520 501 1565 eo
525 1500 612 1582 quod
635 1521 801 1583 nunquam
824 1500 989 1567 insomnia
1010 1523 1084 1566 cum
1099 1502 1236 1585 reliquis
1252 1504 1404 1569 omnibus

258 1616 443 1682 actionibus
466 1614 557 1680 vitae
580 1616 783 1681 anemoria
806 1615 1060 1698 coniungantur,
1085 1621 1122 1683 ut
1146 1638 1186 1683 ea
1209 1639 1293 1700 quae
1317 1619 1405 1701 vigi-

256 1732 339 1797 lanti
378 1734 568 1810 occurrunt3
597 1748 684 1796 'nam
720 1752 800 1797 sane
833 1732 862 1797 si
897 1731 970 1814 quis
1003 1732 1080 1797 dum
1112 1732 1214 1815 vigilo
1249 1733 1329 1799 mihi
1363 1735 1405 1800 de

256 1851 395 1932 repente
424 1851 612 1931 appareret,
646 1848 827 1931 statimque
857 1851 975 1932 postea
1006 1848 1203 1932 dispareret,
1233 1853 1272 1914 ut
1300 1850 1340 1914 fit
1369 1849 1405 1914 in

257 1963 403 2043 sommia,
428 1962 636 2043 itascilicet,
665 1966 703 2027 ut
726 1963 897 2028 necunde
921 1963 1078 2044 venisset,
1110 1985 1171 2029 nec
1201 1986 1265 2047 quo
1295 1964 1406 2030 abiret

256 2079 414 2160 viderem,
445 2100 509 2145 non
533 2077 698 2144 immerito
723 2082 891 2162 spectrum
918 2078 1039 2163 potius,
1064 2081 1123 2144 aut
1145 2078 1346 2162 phantasma
1368 2080 1405 2144 in

257 2195 392 2261 cerebro
415 2216 488 2260 meo
505 2195 662 2274 effictum,
687 2214 786 2277 quam
802 2215 918 2260 verum
936 2193 1103 2260 hominem
1120 2215 1195 2260 esse
1211 2195 1403 2262 iudicarem.

257 2311 337 2375 Cum
360 2331 439 2375 vero
464 2331 524 2376 eae
547 2331 602 2374 res
626 2313 813 2390 occurrunt,
843 2330 926 2391 quas
957 2309 1113 2376 distincte
1144 2310 1240 2392 unde,
1271 2311 1337 2391 ubi,
1370 2315 1407 2377 et

257 2425 388 2507 quando
422 2424 502 2489 mihi
542 2424 722 2490 adveniant
756 2424 906 2505 adverto,
943 2445 1122 2507 earumque
1156 2425 1406 2510 perceptionem

258 2541 383 2623 absque
412 2541 479 2605 ulla
505 2539 749 2624 interruptione
780 2561 853 2605 cum
884 2544 957 2606 tota
983 2541 1111 2623 reliqua
1138 2541 1209 2606 vita
1231 2545 1404 2622 connecto,

257 2657 355 2741 plane
378 2660 490 2722 certus
513 2677 585 2721 sum
609 2677 675 2721 non
697 2655 899 2736 insomniis,
924 2657 984 2721 sed
999 2655 1153 2738 vigilanti
1169 2657 1404 2741 occurrere.⁹⁸)

257 2773 330 2840 Nee
353 2773 394 2838 de
417 2772 564 2857 ipsarum
587 2772 731 2838 veritate
763 2772 865 2837 debeo
895 2771 949 2837 vel
979 2772 1151 2836 minimum
1182 2771 1342 2852 dubitare,
1375 2772 1406 2837 si

257 2890 432 2971 postquam
464 2909 577 2954 omnes
601 2908 728 2967 sensus,
761 2886 953 2952 memoriam
979 2890 1013 2952 et
1035 2886 1241 2952 intellectum
1263 2887 1306 2951 ad
1329 2887 1407 2952 illas

258 3002 497 3069 examinandas
513 3002 704 3082 convocavi,
728 3001 809 3067 nihil
826 3001 908 3066 mihi
924 3002 1011 3084 quod
1027 3025 1101 3068 cum
1117 3003 1261 3069 caeteris
1276 3006 1407 3088 pugnet

258 3118 300 3183 ab
324 3119 388 3184 ullo
412 3138 455 3182 ex
477 3117 531 3182 his
553 3118 734 3183 nuntietur.
781 3118 834 3182 Ex
857 3139 896 3183 eo
924 3104 1012 3183 enim
1040 3119 1126 3201 quod
1149 3119 1240 3185 Deus
1267 3141 1333 3184 non
1359 3118 1407 3185 sit

211 3218 213 3222 ¹
258 3233 371 3313 fallax,
405 3231 556 3314 sequitur
587 3232 719 3298 omniuo
751 3232 785 3297 in
817 3232 940 3298 talibus
973 3255 1025 3299 me
1057 3256 1122 3299 nou
1155 3234 1284 3318 fallier)
1338 3235 1405 3300 Sed

367 3398 402 3466 ⁹⁷)
420 3399 483 3452 Erat
498 3398 567 3468 jetzt
583 3398 651 3467 liegt
668 3399 711 3452 die
729 3398 849 3453 Ursache
868 3399 942 3464 klar;
968 3417 998 3454 es
1023 3401 1127 3468 ergiebt
1152 3401 1218 3466 sich,
1244 3401 1308 3457 dass
1333 3401 1407 3456 auch

258 3489 302 3542 die
314 3486 598 3555 Sinuesttuschungen
615 3505 667 3540 nur
678 3486 889 3541 Ausnahmen
907 3487 975 3553 sind,
992 3487 1089 3542 mithin
1106 3488 1149 3542 die
1165 3488 1298 3543 sinnliche
1308 3489 1407 3544 Walrr-

257 3576 396 3644 nebmung
413 3575 483 3630 nach
501 3575 552 3630 vie
570 3593 620 3630 vor
638 3575 681 3629 ein
699 3576 790 3630 Mittel
809 3576 855 3629 der
874 3575 1054 3632 Erkenntniss
1072 3576 1165 3632 bildet.

367 3666 402 3736 98)
427 3665 522 3720 Dieses
541 3664 685 3719 Krlterium
709 3664 747 3718 ist
772 3665 945 3729 zweifelhaft,
971 3665 1043 3718 denn
1068 3665 1117 3719 das
1141 3665 1322 3720 chbchtniss
1346 3683 1408 3718 ver-

258 3757 352 3812 bindet
370 3756 412 3810 die
424 3753 631 3823 Traumgebilde
650 3754 690 3808 oft
708 3771 738 3808 so
756 3753 832 3821 innig
850 3753 900 3808 mit
918 3753 979 3806 dem
995 3752 1125 3819 Wachen,
1145 3755 1208 3808 dass
1222 3754 1270 3807 vvir
1286 3770 1338 3807 uus
1357 3753 1409 3806 des

258 3843 397 3912 logischen
422 3841 671 3910 Zusammenhangs
701 3841 793 3895 beiden
819 3842 941 3896 bewusst
968 3843 1085 3895 werden.
1127 3842 1178 3895 Ein
1207 3842 1410 3910 nuverldssiges

258 3932 404 3987 Kriterium
429 3931 474 3984 fur
498 3932 550 3985 den
571 3931 669 3984 Traum
697 3929 783 3985 bildet
808 3930 954 3997 allerdings
980 3931 1029 3984 das
1053 3929 1215 3994 Erwachen,
1241 3929 1305 3984 aber
1329 3929 1410 3985 nicht

259 4021 353 4075 darum
378 4019 491 4074 handelt
514 4037 544 4073 es
570 4019 640 4084 sich,
667 4019 784 4073 scudem
809 4019 842 4072 ob
868 4036 931 4084 uns,
955 4018 1020 4072 falls
1046 4019 1094 4072 vvir
1119 4018 1185 4073 liber
1210 4019 1262 4072 den
1286 4018 1410 4073 Zustand

259 4108 308 4162 des
332 4108 479 4162 Trtumens
507 4107 571 4161 oder
592 4106 730 4162 Wachens
755 4106 921 4162 zweifelhalt
945 4107 1017 4173 sind,
1049 4107 1093 4162 ein
1118 4107 1247 4179 jederzeit
1273 4107 1410 4162 entechei-
