3186 4870
267 424 332 486 242
766 422 917 492 Appendix.

268 616 455 684 admittent.
486 618 680 700 Quanquam
699 624 780 686 sane
801 621 958 705 pleraque
981 642 1023 687 ex
1039 621 1080 687 iis
1095 621 1280 707 potuissent
1295 618 1413 685 melius

268 733 437 817 explicari,
469 737 504 800 et
527 733 634 801 instar
664 735 910 802 theorematum
940 737 1051 821 potius
1081 739 1179 820 quam
1209 736 1411 802 axiomatum

267 848 405 933 proponi
430 849 633 932 debuissent,
658 851 687 917 si
710 853 899 917 accuratior
922 872 995 916 esse
1019 853 1208 918 voluissem.

715 1019 964 1092 moutarn

799 1135 878 1190 SIVE

634 1230 817 1292 Communes
844 1228 993 1292 notiones.

374 1362 399 1427 l.
423 1361 524 1428 Nulla
546 1380 601 1425 res
624 1358 741 1424 existit
757 1358 797 1424 de
814 1365 880 1441 qua
894 1371 961 1425 non
976 1358 1083 1443 possit
1099 1359 1224 1441 quaeri,
1248 1383 1412 1444 quaenam

267 1478 311 1544 sit
334 1498 435 1543 causa
459 1498 517 1542 cur
539 1475 674 1541 existat.
710 1475 782 1540 Hoc
806 1474 894 1540 enim
919 1474 959 1539 de
982 1473 1054 1559 ipso
1072 1475 1142 1540 Deo
1159 1476 1273 1557 quaeri
1289 1479 1415 1560 potest,

266 1615 331 1658 non
355 1592 441 1675 quod
464 1590 614 1672 indigeat
637 1590 703 1655 ulla
727 1597 828 1656 cauea
848 1593 887 1655 ut
902 1589 1037 1670 existat,
1062 1590 1122 1655 sed
1145 1590 1223 1672 quia
1245 1590 1319 1675 ipsa
1342 1591 1416 1656 eius

266 1711 407 1773 naturae
441 1705 648 1771 immensitas
684 1708 736 1771 est
771 1725 882 1786 causa,
919 1705 989 1770 sive
1021 1705 1108 1771 ratio
1142 1708 1280 1789 propter
1314 1726 1413 1787 quarn

267 1824 355 1888 nulla
378 1828 479 1888 causa
502 1821 631 1903 indiget
653 1820 696 1886 ad
720 1820 939 1887 existendum.

372 1937 412 2003 II.
430 1938 574 2021 Tempus
589 1957 749 2021 praesens
765 1957 785 2001 a
800 1935 951 2020 proxime
966 1935 1179 2020 praecedenti
1195 1958 1261 2003 non
1277 1936 1413 2021 pendet,

264 2053 404 2135 idedque
427 2074 493 2118 non
517 2051 624 2118 minor
648 2071 749 2118 causa
776 2051 956 2133 requiritur
979 2051 1114 2117 adrem
1139 2052 1411 2132 conservandam,

266 2171 364 2251 quam
387 2168 431 2233 ad
454 2168 561 2252 ipsam
584 2167 727 2252 primum
750 2166 1004 2250 producendam.

372 2284 428 2349 ΙΙΙ.
461 2282 562 2349 Nulla
590 2303 655 2363 res,
689 2303 750 2348 nec
780 2281 847 2347 ulla
875 2282 924 2347 rei
957 2281 1119 2367 perfectio
1152 2285 1228 2347 actu
1262 2281 1413 2348 existens

265 2402 377 2484 potest
408 2399 533 2464 habere
565 2399 655 2482 nihil,
689 2398 760 2462 sive
789 2418 859 2462 rem
892 2418 958 2462 non
988 2397 1190 2463 existentem
1219 2418 1279 2482 pro
1310 2417 1414 2463 causa

209 2551 213 2562 ·
266 2535 346 2580 suae
370 2513 580 2579 existentiae.

373 2630 429 2695 IV.
461 2628 625 2711 Quidquid
648 2630 700 2693 est
722 2627 888 2694 realitatis
910 2627 981 2693 sive
1004 2627 1219 2712 perfectionis
1242 2627 1276 2693 in
1300 2627 1413 2710 aliqua

267 2766 313 2826 re,
345 2748 397 2812 est
427 2743 622 2825 formaliter,
655 2744 709 2810 vel
741 2744 926 2810 eminenter
957 2743 992 2808 in
1023 2743 1131 2828 prima
1161 2746 1196 2808 et
1225 2743 1415 2826 adaequata

267 2860 338 2926 eius
361 2880 472 2926 causa.

373 2975 413 3042 V.
439 2974 535 3040 Unde
559 2974 661 3041 etiam
677 2975 827 3056 sequitur
842 2973 1031 3041 realitatem
1047 2974 1247 3040 obiectivam
1262 2975 1413 3041 idearum

267 3093 457 3156 nostrarum
486 3089 657 3172 requirere
689 3110 834 3170 causam,
867 3089 901 3154 in
931 3110 997 3171 qua
1026 3089 1143 3155 eadem
1172 3089 1246 3174 ipsa
1274 3091 1415 3157 realitas

268 3228 333 3272 non
363 3208 494 3271 tantum
524 3204 698 3286 obiective,
730 3205 790 3270 sed
820 3204 1005 3272 formaliter
1036 3205 1088 3270 vel
1119 3204 1304 3271 eminenter
1335 3226 1415 3270 con·

267 3320 424 3387 tineatur.
471 3319 738 3402 Notandimque,
767 3319 829 3384 hoc
857 3321 990 3386 axioma
1018 3323 1088 3386 tam
1118 3320 1307 3386 necessario
1337 3341 1415 3385 esse

268 3435 520 3515 admittendum,
539 3438 578 3500 ut
593 3435 634 3499 ab
651 3435 722 3519 ipso
739 3456 804 3501 uno
820 3435 966 3500 omnium
983 3456 1093 3501 rerum
1110 3438 1180 3501 tam
1197 3435 1413 3516 sensibilium,

268 3554 366 3634 quam
389 3548 629 3616 insensibilium
658 3549 803 3632 cognitio
828 3550 1028 3634 dependeat:
1057 3551 1143 3616 unde
1168 3550 1255 3616 enim
1279 3550 1412 3630 scimus,

268 3665 411 3751 exempli
434 3673 545 3746 causa,
575 3665 701 3731 coelum
725 3664 881 3746 existere,
907 3685 949 3730 an
973 3664 1050 3747 quia
1073 3665 1153 3730 illud
1176 3665 1348 3731 videmus?
1376 3668 1416 3730 at

267 3783 334 3848 ista
349 3782 433 3848 visio
454 3785 600 3848 mentem
617 3802 682 3846 non
706 3781 854 3862 attingit,
878 3780 941 3845 nisi
965 3783 1128 3862 quatenos
1151 3781 1227 3846 idea
1251 3784 1312 3861 est,
1336 3779 1416 3845 idea

267 3899 401 3979 inquam
424 3897 528 3962 menti
550 3895 615 3981 ipsi
633 3895 822 3977 inhaerens
847 3917 913 3962 non
929 3899 1041 3961 autem
1056 3896 1168 3978 imago
1184 3895 1219 3961 in
1233 3894 1416 3980 phantasia

268 4011 414 4096 depicta:
449 4011 521 4077 Nec
556 4012 597 4078 ob
632 4013 718 4077 hanc
752 4011 863 4077 ideam
896 4032 1070 4096 possumus
1104 4010 1251 4076 iudicare
1285 4011 1415 4093 coelum

268 4127 425 4208 existere,
456 4127 520 4193 nisi
544 4127 621 4209 quia
638 4127 757 4194 omnis
786 4127 862 4193 idea
891 4147 1026 4193 causam
1057 4147 1138 4192 suae
1165 4125 1331 4193 realitatis
1355 4125 1415 4192 ob-
