3212 4872
275 389 339 454 110
716 381 856 437 Meditatio
875 383 973 436 Tertia.

273 585 335 664 est,
360 603 422 648 nec
444 581 582 666 proinde
605 601 626 646 a
649 580 751 646 nihilo
775 601 849 646 esso
873 581 1043 665 potesne)
1090 581 1162 646 Nec
1186 581 1288 647 etiam
1317 583 1421 650 debeo

274 697 436 782 suspicari
459 701 533 764 cum
561 696 709 777 realitas,
740 716 839 778 quam
870 695 1042 762 considero
1072 695 1107 762 in
1138 696 1221 762 meis
1251 697 1345 779 ideis,
1377 699 1422 765 sit

275 817 405 880 tantum
429 812 605 894 obiectiva,
629 833 694 878 non
718 833 800 896 opus
824 832 898 878 esse
922 815 960 877 ut
983 812 1098 877 eadem
1122 811 1261 878 realitas
1284 812 1332 878 sit
1353 813 1421 880 for-

273 929 406 995 maliter
435 929 470 994 in
501 929 611 994 causis
640 928 780 995 istarum
810 927 971 1009 idearum,
1002 928 1062 994 sed
1089 928 1243 994 sufficere
1267 928 1295 994 si
1319 929 1364 995 sit
1386 930 1420 995 in

273 1045 315 1110 iis
354 1044 456 1111 etiam
494 1043 726 1128 obiective;³⁸)
771 1064 847 1108 nam
888 1043 1161 1126 quemadmodum
1201 1043 1266 1110 iste
1304 1045 1420 1110 modus

274 1159 408 1226 essendi
446 1159 630 1226 obiectivus
669 1159 828 1243 competit
866 1158 950 1225 ideis
984 1180 1027 1224 ex
1061 1159 1209 1243 ipsarum
1241 1161 1420 1243 natura‚³⁹)

273 1277 323 1342 ita
345 1275 462 1342 modus
485 1276 617 1342 essendi
640 1274 790 1341 formalis
814 1275 973 1360 competit
990 1273 1140 1340 idearum
1157 1275 1276 1357 causis,
1302 1277 1420 1342 saltem

274 1391 390 1476 primis
414 1394 450 1457 et
472 1391 669 1476 praecipuis,
694 1413 737 1457 ex
761 1413 874 1457 earum
898 1391 1087 1476 naturae)
1112 1394 1147 1457 et
1165 1391 1317 1474 quamvis
1333 1392 1420 1458 forte

274 1529 341 1573 una
364 1507 440 1574 idea
464 1507 595 1573 exalia
624 1507 716 1573 nasei
746 1507 862 1593 possit,
894 1528 959 1572 non
990 1509 1103 1572 tamen
1132 1507 1187 1572 hic
1217 1509 1316 1573 datur
1345 1512 1421 1592 pro-

275 1644 411 1705 gressus
434 1623 468 1689 in
491 1622 666 1704 infinitum,
691 1624 750 1688 sed
773 1624 910 1689 tandem
934 1623 976 1688 ad
993 1622 1136 1705 aliquam
1157 1622 1298 1707 primam
1322 1623 1421 1688 debet

275 1739 434 1820 deveniri‚
470 1738 563 1805 cuius
595 1758 697 1804 causa
728 1738 773 1804 sit
805 1739 913 1804 instar
945 1737 1119 1822 archetypi
1151 1737 1182 1802 in
1218 1759 1281 1820 quo
1315 1737 1421 1804 omnis

274 1854 411 1920 realitas
443 1853 629 1920 formaliter
662 1853 873 1920 contineatur
905 1874 989 1936 quae
1022 1856 1076 1919 est
1112 1853 1146 1919 in
1181 1852 1257 1919 idea
1288 1857 1420 1921 tantum

274 1970 506 2056 obiective;⁴1)
538 1971 620 2036 adeo
651 1973 688 2036 ut
718 1969 841 2035 lumine
869 1969 1013 2035 naturali
1037 1969 1118 2035 mihi
1141 1969 1187 2036 sit
1208 1967 1420 2054 perspicuum

275 2085 369 2151 ideas
391 2085 426 2150 in
449 2107 502 2152 me
531 2108 605 2152 esse
635 2085 739 2152 veluti
771 2087 931 2168 quasdam
961 2085 1134 2168 imagines,
1168 2106 1252 2168 quae
1281 2089 1422 2170 possunt

273 2200 408 2295 ¹quidem
431 2201 530 2267 facile
561 2203 702 2268 deficere
732 2223 752 2267 a
776 2201 981 2286 perfectione
1010 2222 1122 2267 rerum
1152 2201 1314 2283 aquibus
1343 2204 1422 2267 sunt

276 2317 481 2401 desumptae,
506 2339 572 2383 non
595 2320 707 2383 autem
732 2317 906 2400 quicquam
931 2317 1037 2383 maius
1059 2321 1118 2383 aut
1140 2317 1321 2402 perfectius
1345 2339 1422 2384 con-

275 2431 442 2516 1111149)
500 2432 611 2515 Atque
648 2433 732 2499 haec
771 2433 882 2499 omnia
920 2454 984 2515 quo
1023 2433 1147 2499 diutius
1187 2436 1222 2498 et
1260 2431 1421 2498 curiosius

275 2547 441 2628 examino,
473 2551 568 2614 tanto
601 2549 722 2615 clarius
746 2552 780 2614 et
804 2549 993 2615 distinctius
1023 2569 1105 2614 vera
1137 2569 1211 2615 esse
1242 2569 1420 2630 cognosco;

276 2663 335 2728 sed
367 2661 446 2745 quid
477 2664 613 2728 tandem
652 2685 695 2729 ex
729 2663 782 2730 his
800 2707 802 2710 -
821 2665 1034 2731 concludam?
1072 2684 1191 2748 nempe
1225 2663 1253 2729 si
1285 2663 1422 2728 realitas

276 2778 442 2844 obiectiva
472 2778 609 2845 alicuius
641 2801 684 2845 ex
714 2779 798 2846 meis
827 2779 911 2846 ideis
942 2779 987 2845 sit
1016 2782 1113 2845 tanta
1146 2783 1183 2845 ut
1216 2782 1327 2845 certus
1359 2778 1422 2842 sim

384 2963 419 3032 ³⁷)
438 2966 494 3020 Der
509 2965 620 3030 „modus
632 2965 765 3037 objective
779 2967 901 3021 essendi“
917 2967 997 3021 weist
1009 2967 1058 3020 auf
1069 2969 1154 3020 etwas
1167 2965 1266 3020 Reales
1280 2965 1334 3019 und
1348 2963 1422 3018 Voll-

275 3053 435 3108 kommenes
458 3053 513 3120 hin,
536 3058 613 3109 sonet
635 3054 738 3108 kbnnte
761 3054 820 3109 sich
844 3055 891 3109 der
914 3056 973 3109 eine
992 3053 1123 3110 Gedanke
1145 3071 1210 3108 vom
1228 3055 1330 3109 anderu
1347 3053 1423 3107 nicht

274 3143 491 3198 unterscheiden.
528 3143 579 3196 1111
596 3143 685 3197 reines
703 3143 798 3199 Nichts
816 3151 889 3198 were
907 3144 983 3198 nicht
1000 3143 1169 3199 vorstellbar.
1337 3181 1339 3186 -

384 3231 419 3299 ⁸⁸)
450 3231 524 3286 Weil
554 3232 597 3286 die
628 3231 765 3304 objektivo
795 3232 915 3288 Reslittt
949 3233 1105 3301 gegenttber
1140 3233 1187 3286 der
1216 3231 1350 3286 formalcn
1379 3230 1422 3284 dio

276 3319 447 3374 schwachere
466 3321 511 3386 ist,
535 3337 566 3374 so
584 3321 691 3376 seheint
709 3323 768 3376 eine
786 3322 829 3375 ihr
850 3322 1063 3392 entsprechende
1081 3320 1203 3376 Urscche
1222 3319 1421 3375 auszureichon.

385 3407 420 3470 ³⁹)
439 3409 489 3462 Die
507 3409 595 3465 Natur
613 3410 659 3463 der
676 3409 955 3478 Vorstellungsbildcr
977 3410 1087 3465 besteht
1105 3410 1173 3464 eben
1191 3409 1275 3476 dorin,
1299 3410 1364 3463 dass
1382 3407 1422 3462 sie

275 3515 326 3551 nur
344 3497 490 3569 objcktivc,
509 3498 584 3554 nicht
602 3498 716 3552 formale
735 3498 888 3553 Realitaten
907 3500 975 3553 sind.

384 3588 420 3656 ⁴⁰)
439 3587 482 3641 Da
505 3587 547 3641 die
565 3587 776 3656 Vorstellungen
799 3588 858 3643 sich
881 3605 913 3643 111
935 3586 1013 3641 ihren
1035 3586 1175 3641 Ursachen
1198 3585 1347 3650 verbalten,
1372 3585 1422 3638 wie

277 3675 320 3729 die
340 3675 420 3746 Oopie
439 3694 501 3731 zum
519 3676 647 3744 Original,
671 3693 702 3730 so
725 3681 829 3744 gentgt
850 3678 894 3730 ihr
917 3677 1006 3730 dieses
1029 3674 1140 3729 letztere
1158 3674 1235 3728 nicht
1252 3675 1295 3728 die
1313 3674 1423 3728 realitas

275 3765 411 3836 objectiva
437 3765 530 3830 alleiu,
559 3764 676 3819 sondern
699 3764 761 3818 dem
785 3765 895 3831 „modus
914 3765 1023 3819 essendi
1041 3763 1190 3835 objective‘
1212 3761 1362 3832 entspricht
1379 3762 1423 3816 ein

278 3855 390 3921 „modus
409 3854 517 3908 essendi
535 3854 657 3908 formalis
676 3854 734 3907 sivo
753 3853 933 3924 principalis“.

383 3943 419 4011 ⁴¹)
438 3941 505 3997 Eine
524 3943 622 3997 andere
641 3941 819 4010 Moglichkeit
836 3949 916 4007 utre,
937 3942 1000 3996 dass
1020 3959 1069 3995 aus
1087 3941 1263 3995 bestimmten
1281 3939 1423 3994 einfachcn

275 4034 358 4087 Ideen
382 4033 425 4086 die
448 4034 564 4087 anderen
588 4030 671 4085 durch
694 4031 975 4099 Zusammensetzung,
1000 4031 1194 4098 Erwciteruug‚
1213 4029 1347 4097 Theilung
1368 4028 1423 4082 und

276 4121 455 4176 Abstraktion
473 4120 678 4188 hervorgingen‚
700 4120 815 4174 alsdann
833 4123 935 4174 mhsste
954 4120 1020 4174 aber
1038 4121 1080 4174 die
1098 4119 1183 4174 Reihe
1202 4119 1250 4172 der
1268 4117 1424 4189 objektiven
