3186 4870
655 1247 985 1328 APPENDIX.

538 1401 663 1471 Roscii
687 1397 900 1470 Des-Ourios
928 1401 1097 1486 Rationes,

316 1508 385 1578 Da'
410 1508 633 1577 anstcatiom
660 1512 693 1577 at
718 1509 847 1577 animoa
874 1531 896 1576 a
922 1529 1074 1598 corporo,
1089 1511 1325 1580 distinctionem

443 1613 636 1706 probantes
664 1637 756 1683 more
779 1616 978 1706 geometrico
1004 1616 1191 1705 dispositae.

648 1887 984 1958 DEFINITIONES.

350 2034 374 2098 I.
409 2034 613 2120 Cogitationis
635 2031 768 2098 nomine
792 2033 992 2116 complector
1014 2033 1095 2098 illud
1119 2055 1215 2099 omne
1239 2033 1325 2115 quod
1342 2032 1392 2099 sic

194 2198 198 2208 ,
244 2150 278 2215 in
301 2149 396 2214 nobis
419 2151 532 2214 estut
560 2147 631 2213 eius
658 2147 849 2214 immediate
880 2147 1003 2213 conscii
1034 2148 1146 2215 simus.
1193 2149 1245 2215 Ita
1276 2169 1391 2214 omnes

243 2265 443 2345 voluntates,
455 2263 654 2343 intellectus,
671 2262 937 2344 imaginationes,
955 2266 990 2329 et
1006 2284 1162 2329 sensuum
1178 2264 1389 2349 operationes

244 2383 322 2445 sunt
350 2379 579 2461 cogitationes.
625 2377 690 2444 Sed
718 2376 829 2442 addidi
852 2380 1031 2444 iramado‘ott
1054 2379 1097 2444 ad
1120 2379 1326 2445 excludenda
1349 2400 1389 2444 ea

245 2514 330 2578 quae
354 2515 396 2559 ex
411 2493 453 2558 iis
470 2497 725 2576 consequuntur,
750 2497 787 2559 ut
803 2497 913 2560 motus
928 2495 1135 2561 voluntarius
1152 2495 1388 2578 cogitationem

245 2610 377 2694 quidem
392 2630 452 2694 pro
468 2609 629 2693 principio
646 2609 757 2691 habet,
775 2611 834 2676 sed
849 2610 921 2695 ipse
936 2614 1050 2677 tamen
1068 2632 1133 2676 non
1149 2613 1202 2676 est
1217 2610 1387 2692 cogitatio.

351 2725 390 2790 ΙΙ.
408 2725 504 2790 Idaea
516 2723 647 2790 nomine
661 2724 811 2808 intelligo
828 2726 1002 2793 cuiuslibet
1018 2725 1231 2809 cogitationis
1246 2726 1388 2792 formam

243 2843 344 2923 illam,
367 2861 428 2925 per
451 2839 543 2905 cuius
571 2839 799 2907 immediatam
828 2842 1076 2926 perceptionem
1106 2841 1210 2926 ipsius
1241 2841 1387 2906 eiusdem

244 2955 457 3039 cogitationis
480 2955 629 3022 conscius
657 2977 746 3034 sum;
775 2956 857 3022 adeo
882 2961 919 3022 ut
941 2956 1024 3022 nihil
1046 2957 1170 3041 possim
1193 2956 1306 3022 verbis
1330 2976 1389 3021 ex-

243 3073 387 3159 primere
409 3071 623 3154 intelligendo
646 3071 681 3137 id
704 3072 790 3154 quod
815 3072 897 3153 dico,
921 3072 1000 3155 quin
1024 3093 1067 3138 ex
1089 3072 1152 3137 hoc
1171 3071 1244 3156 ipso
1260 3074 1387 3138 certum

244 3189 289 3255 sit
319 3188 354 3253 in
385 3208 438 3253 me
471 3208 545 3252 esse
577 3186 685 3252 ideam
716 3186 787 3252 eius
818 3187 904 3269 quod
934 3187 1047 3252 verbis
1076 3187 1141 3253 illis
1171 3187 1386 3268 significatur.

244 3305 355 3387 Atque
377 3304 426 3370 ita
449 3325 514 3369 non
538 3303 626 3369 solas
652 3302 815 3385 imagines
845 3302 880 3367 in
909 3303 1087 3387 phantasia
1118 3303 1267 3387 depictas
1294 3302 1388 3368 ideas

243 3441 340 3486 voco:
370 3419 437 3484 imo
459 3417 550 3502 ipsas
572 3418 626 3483 hic
650 3418 737 3483 nullo
761 3418 858 3484 modo
881 3439 962 3484 voco
985 3418 1089 3499 ideae,
1118 3421 1287 3500 quatenus
1310 3420 1388 3482 sunt

243 3536 278 3602 in
305 3533 484 3619 phantasia
510 3554 678 3618 corporea,
708 3533 769 3599 hoc
794 3533 903 3599 estin
925 3537 1022 3619 parte
1045 3533 1156 3616 aliqua
1180 3533 1306 3599 cerebri
1331 3533 1387 3598 de-

243 3651 363 3736 pictae,
389 3650 447 3716 sed
469 3653 601 3715 tantum
624 3630 788 3731 quatenus
811 3653 956 3716 mentem
980 3649 1087 3734 ipsam
1103 3649 1137 3715 in
1152 3649 1242 3714 illam
1259 3647 1387 3714 cerebri

243 3771 378 3853 partem
397 3784 592 3831 conversam
615 3764 806 3831 informant.

238 3922 245 3930 -
349 3882 406 3947 III.
430 3882 495 3947 Per
517 3883 692 3947 restitutam
717 3883 894 3946 obiacticcm
919 3882 1008 3946 ideae
1034 3858 1184 3962 intelligo
1211 3878 1388 3945 entitatem

243 3998 292 4064 rei
315 3999 588 4082 repraesentatae
611 4017 672 4081 per
693 3995 814 4076 ideam,
838 3999 1002 4078 quatenus
1023 3999 1075 4062 est
1090 3995 1125 4064 in
1139 3995 1230 4074 idea;
1256 3995 1388 4061 eodem-

243 4135 307 4197 que
330 4113 426 4179 modo
451 4111 515 4178 dici
537 4115 650 4196 potest
678 4111 840 4196 perfectio
865 4111 1030 4178 obiectiva
1053 4111 1106 4176 vel
1130 4109 1305 4176 artificium
1330 4110 1388 4177 ob-
