3188 4876
270 376 313 439 30
667 323 794 424 Praefatio
813 371 847 425 ad
865 372 1012 426 Lecturam.

268 589 339 633 res·
358 566 524 650 cogitem,
559 567 609 632 ita
640 570 678 632 ut
700 588 767 633 vox
799 575 922 633 tontum
947 571 1082 634 caetera
1114 568 1225 635 omnia
1260 569 1417 636 excludat

269 704 354 766 quae
370 684 458 750 forte
475 682 575 749 etiam
594 682 658 748 dici
673 685 811 766 possent
827 683 869 748 ad
885 683 1015 749 animae
1035 687 1187 749 naturam
1204 685 1414 770 pertinere.³)

214 808 217 814 '
270 799 328 865 Oui
364 799 539 866 obiectioni
574 797 769 882 respondeo,
806 819 859 864 me
888 798 991 864 etiam
1020 799 1066 865 ibi
1096 800 1240 866 noluisse
1270 800 1326 865 illa
1356 822 1414 866 ex-

269 914 400 980 cludere
424 914 458 979 in
482 914 597 980 ordine
625 914 667 980 ad
697 913 804 997 ipsam
833 913 883 979 rei
912 914 1091 980 veritatem
1122 914 1176 998 (de
1200 937 1265 998 qua
1288 917 1415 983 scilicet

268 1033 348 1094 tunc
371 1051 437 1095 non
461 1027 624 1114 agebam),
656 1029 715 1096 sed
746 1030 922 1095 dumtaxat
945 1029 980 1094 in
1003 1030 1118 1096 ordine
1142 1031 1184 1095 ad
1207 1052 1414 1124 meamper-

269 1144 496 1229 ceptionemsf)
522 1145 603 1210 adeo
627 1148 664 1210 ut
688 1166 806 1210 sensus
823 1149 913 1210 esset
933 1166 985 1210 me
1002 1145 1082 1210 nihil
1098 1148 1196 1231 plane
1213 1168 1413 1229 cognoscere

269 1261 356 1342 quod
389 1260 431 1325 ad
462 1261 640 1326 essentiam
672 1281 780 1327 meam
815 1261 934 1326 scirem
966 1261 1145 1345 pertinere,
1179 1265 1412 1346 praeterquam

269 1375 355 1457 quod
379 1396 487 1442 essem
512 1396 566 1441 res
591 1375 752 1458 cogitans,
778 1377 850 1442 sive
873 1397 928 1442 res
951 1376 985 1441 in
1008 1398 1044 1442 se
1068 1377 1195 1442 habens
1218 1378 1412 1444 facultatem

268 1491 451 1572 cogitandi:
476 1492 514 1556 In
538 1491 752 1573 sequentibus
776 1495 888 1557 autem
912 1492 1085 1558 ostendam
1110 1514 1173 1575 quo
1189 1497 1287 1577 pacto
1305 1515 1347 1559 ex
1363 1517 1411 1577 eo,

269 1606 356 1687 quod
378 1606 461 1671 nihil
484 1606 573 1671 aliud
597 1607 639 1671 ad
663 1607 842 1672 essentiam
866 1628 975 1672 meam
1005 1607 1174 1691 pertinere
1204 1629 1411 1692 cognoscam,

268 1724 441 1802 sequatur,
481 1721 563 1786 nihil
602 1720 703 1787 etiam
743 1722 831 1787 aliud
870 1743 990 1788 revera
1029 1723 1070 1788 ad
1105 1723 1195 1789 illam
1234 1725 1410 1809 pertinere.

267 1835 418 1901 Alterum
443 1824 504 1918 est,
537 1858 641 1903 exeo
666 1838 751 1919 quod
775 1837 883 1905 ideam
914 1839 963 1904 rei
987 1860 1040 1904 me
1062 1839 1272 1923 perfectioris
1302 1841 1336 1905 in
1359 1863 1412 1906 me

266 1951 408 2018 habeam
432 1974 498 2018 non
521 1952 614 2035 sequi
641 1953 748 2037 ipsam
776 1953 885 2019 ideam
916 1975 990 2020 esse
1020 1976 1073 2020 me
1102 1955 1346 2039 perfectiorem,
1378 1962 1413 2024 et·

267 2069 369 2134 multo
403 2069 511 2134 minus
540 2068 631 2149 illud,
665 2069 750 2150 quod
780 2089 840 2152 per
869 2069 970 2134 istam
999 2069 1109 2136 ideam
1140 2076 1411 2155 repraesentatur

268 2183 454 2266 existere.⁵)
501 2184 565 2249 Sed
588 2184 772 2267 respondeo
803 2184 856 2249 hic
881 2185 1017 2251 subesse
1041 2186 1347 2268 aequivocationem
1378 2189 1411 2254 in

265 2318 347 2363 voce
369 2298 481 2375 ideae;
513 2299 597 2363 sumi
621 2299 708 2364 enim
731 2301 843 2384 potest
873 2301 926 2364 vel
956 2300 1175 2366 materialiter
1205 2323 1264 2385 pro
1295 2321 1412 2384 opera-

266 2412 357 2478 tione
379 2412 578 2493 intellectus,
609 2435 672 2496 quo
703 2437 803 2480 sensu
833 2436 885 2480 me
909 2415 1089 2500 perfectior
1114 2415 1178 2482 dici
1201 2416 1326 2498 nequit,
1361 2417 1410 2480 vel

182 2584 189 2597 .
267 2527 430 2593 obiective
453 2550 513 2613 pro
536 2550 573 2595 re
596 2552 656 2615 per
671 2531 771 2596 istam
795 2531 1022 2615 operationem
1037 2535 1302 2614 repraesentata,
1327 2553 1411 2614 quae

265 2664 320 2708 res
345 2643 409 2709 etsi
433 2666 498 2709 non
522 2649 727 2729 supponatur
757 2650 855 2712 extra
878 2646 1083 2712 intellectum
1114 2647 1271 2729 existere,
1300 2651 1412 2732 potest

266 2763 380 2824 tamen
403 2780 456 2825 me
480 2781 554 2826 esse
577 2760 757 2844 perfectior
780 2761 909 2827 ratione
930 2782 1010 2828 suae
1028 2762 1204 2828 essentiae.
1245 2763 1412 2840 Quomodo

266 2896 346 2940 vero
370 2896 413 2941 ex
436 2875 498 2941 hoc
521 2876 601 2957 sole,
633 2877 719 2958 quod
748 2875 798 2942 rei
821 2897 874 2941 me
901 2877 1112 2961 perfectioris
1135 2877 1212 2942 idea
1235 2878 1269 2942 in
1292 2899 1345 2942 me
1369 2878 1413 2943 sit

267 2993 427 3072 sequatur
458 2991 548 3057 illam
580 3013 651 3057 rem
684 3012 804 3057 revera
837 2991 993 3072 existere,
1027 2993 1101 3058 fuse
1133 2993 1165 3057 in
1198 2994 1412 3074 sequentibus

267 3110 460 3190 exponetur.
515 3107 591 3172 Vidi
625 3107 757 3189 quidem
789 3110 967 3191 praeterea
999 3108 1062 3172 duo
1094 3108 1257 3189 quaedam
1287 3108 1412 3193 scripta

267 3220 349 3285 satis
372 3222 482 3303 longa,
507 3221 566 3286 sed
590 3222 707 3302 quibus
731 3243 797 3287 non
820 3225 890 3286 tam
910 3243 1005 3288 meae
1024 3223 1076 3288 his
1094 3223 1133 3288 de
1149 3225 1248 3289 rebus
1264 3223 1412 3290 rationes

267 3355 365 3416 quain
396 3335 622 3401 conclusiones
653 3337 860 3419 argumentis
891 3359 933 3404 ex
962 3337 1180 3421 Atheorumfl
1212 3339 1292 3404 locis
1324 3361 1412 3405 com-

1332 3449 1412 3456 ..—

375 3473 395 3543 8)
414 3475 515 3529 Diesen
532 3475 663 3530 Einwand
681 3476 758 3532 hatte
776 3476 924 3532 Arnauld
943 3479 1077 3547 gemacht.

374 3563 396 3632 ⁴)
416 3563 448 3616 D.
467 3563 577 3618 bedient
595 3565 653 3619 sich
672 3565 730 3618 hier
748 3567 796 3620 der
814 3565 987 3621 bereits'von
1005 3567 1146 3623 Herbert
1164 3587 1225 3623 von
1244 3568 1412 3638 Cherbury

268 3651 337 3705 1624
356 3653 567 3719 augewendeten
581 3652 816 3722 Unterscheidung
835 3655 908 3708 einer
923 3656 1040 3720 ,veritas
1058 3656 1122 3722 rei“‚
1143 3659 1167 3710 d.
1180 3657 1206 3710 h.
1223 3659 1270 3712 der
1282 3658 1413 3712 Identitdt

266 3739 341 3794 eines
353 3741 456 3808 Dinges
475 3741 526 3795 mit
543 3741 646 3796 seinem
664 3759 767 3810 genuen
784 3743 973 3809 Scinsinhalte,
986 3746 1041 3799 und
1060 3745 1106 3798 der
1118 3747 1234 3811 ,veritas
1247 3747 1408 3816 conceptus“
1465 3738 1467 3742 ¹

266 3830 331 3884 oder
349 3830 397 3884 der
418 3832 593 3900 ,perceptio“.
630 3832 681 3885 Die
705 3833 818 3888 lefztere
843 3834 1111 3902 Auffassungsweise
1135 3835 1173 3888 ist
1195 3835 1334 3905 subjektiv
1356 3836 1411 3888 und

265 3918 380 3972 braucht
397 3938 448 3974 nur
475 3920 553 3974 einen
572 3920 766 3976 weseutlichen
785 3922 870 3989 Theil,
889 3923 965 3977 nicht
984 3923 1048 3977 aber
1067 3923 1119 3976 den
1137 3923 1229 3978 vollen
1247 3923 1412 3978 Seinsinhalt

265 4006 340 4062 eines
358 4007 672 4080 Erkenntnissobjektes,
692 4010 749 4064 hier
768 4012 816 4065 des
838 4028 930 4077 ,mens
948 4011 1091 4076 humana“,
1111 4029 1143 4066 zu
1162 4012 1330 4082 erschdpien.

374 4095 396 4164 ⁵)
414 4096 469 4151 Der
486 4098 617 4154 Einwand
638 4099 671 4154 10
689 4117 743 4153 von
760 4099 893 4153 Hobbes
912 4117 999 4168 gegen
1018 4099 1060 4153 die
1079 4100 1160 4154 dritte
1178 4101 1346 4155 Meditation.
