3186 4870
279 405 344 472 200
725 397 866 454 Meditatio
884 398 975 454 Sexta

277 599 355 678 bar3
387 619 495 681 neque
524 597 613 663 enim
646 598 687 663 ab
720 597 776 664 illo
808 601 959 682 poteram
989 619 1133 682 unquam
1164 599 1305 683 seiungi,
1339 605 1376 668 ut
1405 623 1426 669 a

277 713 427 796 reliquis3
456 733 570 779 omnes
600 713 769 797 appetitus
800 716 835 779 et
863 715 1002 780 affectus
1037 714 1072 779 in
1106 714 1171 795 illo,
1208 718 1244 781 et
1275 738 1335 800 pro
1369 717 1425 784 illo

277 828 477 907 sentiebam;
509 847 548 894 ac
580 828 720 911 denique
751 828 896 895 dolorem
927 832 962 896 et
989 829 1215 896 titillationem
1242 832 1425 916 voluptatis

277 942 311 1010 in
341 943 411 1009 eius
441 942 602 1027 partibus,
633 965 700 1011 non
730 947 842 1010 autem
875 944 909 1010 in
942 945 1016 1010 aliis
1050 948 1149 1011 extra
1180 945 1271 1010 illum
1306 947 1425 1031 positis

277 1059 503 1124 advertebam.

385 1174 448 1239 Cur
472 1195 551 1240 vero
576 1195 619 1240 ex
641 1173 707 1241 isto
731 1175 843 1242 nescio
867 1175 983 1258 quo²⁷)
1008 1175 1129 1242 doloris
1146 1197 1246 1242 sensu
1262 1177 1424 1259 quaedam

277 1289 378 1355 animi
416 1288 537 1369 tristia,
577 1293 612 1355 et
646 1310 688 1355 ex
722 1311 821 1356 sensu
855 1290 1058 1357 titillationis
1091 1291 1223 1357 laetitia
1261 1293 1424 1375 quaedam

277 1408 512 1487 consequatur,
546 1426 647 1471 curve
681 1405 737 1470 illa
772 1405 884 1472 nescio
918 1426 1004 1488 quae
1035 1407 1203 1474 vellicatio
1238 1408 1423 1488 ventriculi,

277 1541 375 1603 quam
398 1520 521 1585 famem
544 1541 637 1601 voco,
661 1541 715 1586 me
739 1520 779 1585 de
801 1520 873 1586 cibo
890 1522 1049 1588 sumendo
1066 1523 1254 1604 admoneat,
1278 1524 1424 1606 gutturis

278 1657 356 1702 vero
381 1635 520 1700 ariditas
544 1635 585 1700 de
612 1638 703 1719 potu,
733 1635 839 1701 etita
863 1635 904 1701 de
934 1636 1087 1717 caeteris,
1120 1659 1185 1704 non
1214 1637 1314 1704 aliam
1343 1659 1424 1704 sane

277 1750 439 1816 habebam
469 1732 645 1830 rationem,
677 1749 740 1815 nisi
770 1750 849 1832 quia
878 1750 927 1815 ita
956 1750 1073 1817 doctus
1096 1773 1169 1817 sum
1193 1773 1214 1817 a
1236 1756 1423 1832 naturae)

277 1866 495 1948 nequeenim
518 1865 584 1931 ulla
606 1865 704 1949 plano
728 1869 781 1931 est
809 1865 957 1932 affinitas
987 1865 1120 1950 (saltem
1152 1888 1250 1950 quam
1281 1889 1343 1951 ego
1373 1868 1424 1933 in-

277 1981 438 2064 telligam)
462 1981 551 2047 inter
573 1980 673 2047 istam
697 1980 953 2062 vellicationem,
982 1984 1017 2047 et
1045 1981 1109 2047 cibi
1133 1983 1284 2048 sumendi
1307 1983 1423 2050 volun·

277 2099 392 2178 tatem,
421 2096 492 2161 sive
515 2095 604 2161 inter
632 2116 765 2161 sensum
796 2095 845 2161 rei
875 2095 1021 2162 dolorem
1050 2097 1237 2178 inferentia,
1269 2102 1304 2164 et
1334 2099 1424 2181 cogi·

180 2230 183 2236 ·
276 2212 437 2277 tationem
468 2209 627 2276 tristitiae
658 2210 699 2275 ab
730 2211 796 2276 isto
819 2231 919 2275 sensu
944 2214 1090 2276 exortae.
1138 2211 1202 2278 Sed
1232 2216 1267 2278 et
1296 2213 1423 2296 reliqua

277 2326 387 2394 omnia
419 2346 503 2408 quae
535 2325 575 2391 de
606 2347 762 2391 sensuum
792 2325 931 2391 obiectis
956 2326 1205 2411 ›iudicabam,²⁹)
1236 2327 1372 2393 videbar
1403 2348 1423 2392 a

278 2445 399 2507 natura
429 2440 598 2507 didicisse:
630 2440 721 2524 prius
751 2441 839 2506 enim
869 2440 927 2505 illa
955 2441 1005 2507 ita
1032 2462 1069 2506 se
1096 2442 1220 2508 habere
1243 2442 1325 2508 mihi
1348 2464 1423 2527 per·

278 2555 508 2637 suaseram,³0)
536 2575 636 2638 quam
665 2555 814 2622 rationes
845 2555 939 2637 ullas,
970 2555 1089 2638 quibus
1118 2555 1182 2622 hoe
1210 2557 1318 2641 ipsum
1348 2578 1423 2641 pro·

277 2673 414 2737 baretur
452 2669 751 2755 expendissem;³1)
795 2674 914 2755 postea
951 2676 1082 2749 vero³²l
1120 2671 1227 2737 multa
1263 2672 1422 2757 paulatim

278 2787 508 2872 experimenta
531 2786 629 2852 fidem
653 2807 784 2852 omnem
813 2807 912 2869 quam
941 2786 1092 2852 sensibus
1122 2785 1304 2852 habueram
1336 2788 1425 2853 labe·

278 2903 458 2983 lactarunt,
492 2923 568 2967 nam
601 2904 636 2966 et
668 2901 835 2967 interdum
866 2904 977 2967 turres
1015 2922 1100 2983 quae
1138 2901 1301 2968 rotundae
1333 2901 1425 2967 visae

278 3018 412 3084 fuerant
436 3039 454 3083 e
476 3017 665 3100 longinquo,
694 3017 878 3100 quadratae
901 3018 1108 3102 apparebant
1132 3037 1150 3082 e
1173 3016 1367 3101 propinquo,
1391 3020 1426 3082 et

279 3136 412 3200 statuae
435 3152 638 3217 permagnae
660 3133 695 3198 in
720 3153 835 3198 earum
858 3132 1006 3214 fastigiis
1030 3135 1170 3213 stantes,
1194 3153 1261 3198 non
1284 3152 1426 3215 magnae

279 3253 413 3314 eterra
443 3247 610 3332 spectanti
640 3246 854 3325 videbantur3
886 3249 921 3313 et
943 3246 1066 3312 talibus
1090 3246 1163 3312 aliis
1186 3247 1368 3312 innumeris
1390 3247 1426 3311 in

282 3366 381 3431 rebus
405 3383 560 3430 sensuum
577 3364 791 3428 externorum
806 3361 929 3428 iudicia
944 3360 1014 3426 falli
1038 3362 1341 3446 deprehendebam3
1365 3381 1426 3426 nec

389 3590 426 3658 ²⁷)
443 3590 533 3644 Ueber
546 3589 649 3644 Wesen
663 3589 718 3643 und
731 3589 964 3660 Wirlrungsweise
981 3608 1094 3645 unserer
1112 3591 1193 3645 Sinna
1211 3590 1282 3644 ltsst
1299 3588 1359 3644 sich
1377 3606 1427 3643 aus

279 3684 326 3737 der
338 3678 490 3735 Thatsache
509 3679 556 3732 der
572 3677 724 3734 sinulichen
741 3677 921 3748 Empfindung
937 3678 1028 3734 nichts
1043 3679 1202 3734 Deutliches
1219 3677 1390 3732 entnehman.

386 3769 422 3836 ²⁸)
439 3769 505 3822 Hier
519 3790 551 3812 =
564 3766 728 3836 impulsus
740 3767 920 3833 naturalis,
932 3768 986 3821 den
997 3768 1047 3822 wir
1059 3768 1110 3822 mit
1122 3768 1175 3822 den
1187 3766 1302 3821 'l'hieren
1315 3765 1428 3820 theilen.

386 3858 422 3926 ²⁹)
440 3855 565 3912 Ntmlich
583 3855 649 3909 tber
667 3854 725 3909 ihre
744 3855 847 3910 Essenz
865 3855 921 3909 und
938 3855 1075 3910 Existunt.

389 3948 425 4013 ⁸⁰)
443 3946 484 4000 Im
503 3945 677 3999 Kindeselter
701 3943 799 3998 beruht
823 3944 866 3998 die
884 3944 1098 4013 Uebemeugung
1122 3943 1204 3999 theils
1228 3943 1278 3998 auf
1298 3941 1429 4008 Instinkt,

279 4037 362 4092 theils
382 4036 430 4089 auf
447 4033 590 4087 Antorittt.

389 4123 425 4191 ⁸¹)
444 4120 797 4189 Sinueswahmehmungen,
816 4120 912 4175 Triobe
930 4120 985 4175 und
1004 4121 1114 4176 Affekta
1132 4119 1217 4176 fallen
1242 4120 1289 4175 der
1308 4120 1431 4175 Vereini·
