3188 4876
562 1255 896 1344 MEDITATIO
925 1253 1141 1343 PRIMA.

444 1423 498 1494 De
524 1427 565 1494 c'c's
593 1448 677 1516 pace
703 1427 737 1494 c'n
763 1423 900 1495 dcbc'cm
927 1429 1083 1496 revocari
1101 1431 1255 1517 possunt.

383 1592 625 1690 Animadverti
652 1622 718 1687 iam
740 1626 818 1688 ante
831 1623 969 1706 aliquot
992 1644 1096 1689 annos
1120 1643 1219 1705 quam
1244 1623 1348 1688 multa
1371 1622 1423 1687 in·
1447 1649 1448 1654 ¹

276 1741 376 1803 eunte
400 1737 544 1822 aetate1)
561 1738 649 1802 falsa
668 1759 728 1821 pro
744 1738 834 1803 veris
851 1737 1051 1818 admiserim,
1076 1741 1111 1804 et
1125 1759 1223 1820 quam
1240 1738 1340 1803 dubia
1356 1739 1423 1804 sint

277 1874 493 1936 quaecunque
516 1853 591 1919 istis
614 1857 732 1937 postea
755 1854 1020 1938 superexstruxi,
1049 1874 1088 1919 ac
1111 1854 1249 1938 proinde
1273 1853 1423 1919 funditus

276 1969 387 2035 omnia
414 1970 517 2034 semel
539 1969 573 2033 in
597 1968 669 2034 vita
692 1989 766 2034 esse
791 1970 1014 2053 evertendae)
1040 1972 1140 2052 atque
1165 1990 1185 2034 a
1207 1968 1323 2053 primis
1346 1970 1421 2035 iun-

276 2085 441 2151 damentis
465 2085 571 2150 denuo
595 2084 826 2164 inchoandum,
855 2084 883 2149 si
908 2085 986 2166 quid
1014 2085 1191 2167 aliquando
1214 2087 1355 2165 firmum,
1388 2090 1423 2151 et

275 2221 466 2266 mansurum
497 2200 626 2284 cupiam
651 2201 685 2264 in
709 2200 888 2285 scientiis³)
913 2201 1080 2279 stabilire;
1113 2202 1172 2266 sed
1195 2201 1315 2283 ingene
1339 2223 1421 2285 opus

178 2405 179 2408 Ἴ
275 2337 349 2381 esse
373 2315 559 2396 videbatur,
592 2336 731 2397 eamque
760 2319 907 2381 aetatem
938 2317 1185 2400 exspectabam,
1217 2337 1302 2400 quae
1333 2317 1423 2382 foret

274 2435 344 2496 tam
373 2435 515 2512 matura,
545 2435 583 2496 ut
610 2431 823 2515 capessendis
851 2431 1033 2516 disciplinis
1057 2433 1167 2517 aptior
1189 2433 1279 2500 nulla
1303 2453 1421 2514 seque-

274 2548 410 2631 returfi)
443 2546 551 2624 Quare
567 2546 694 2612 tamdiu
715 2550 891 2612 cunctatus
915 2568 988 2612 sum
1011 2551 1049 2612 ut
1073 2547 1230 2632 deinceps
1253 2570 1361 2614 essem
1386 2548 1421 2612 in

276 2663 381 2746 culpa,
410 2661 439 2726 si
462 2660 549 2743 quod
572 2661 733 2745 temporis
757 2665 911 2746 superest
934 2663 976 2727 ad
1000 2663 1176 2744 agendum,
1207 2663 1420 2729 deliberando

275 2799 512 2844 consumerem.
561 2779 753 2862 Opportune
781 2776 884 2860 igitur
912 2778 1009 2844 hodie
1034 2782 1178 2844 mentem
1189 2779 1216 2862 ⁶)
1241 2780 1329 2844 curis
1353 2801 1423 2845 om-

275 2895 372 2959 nibus
408 2893 528 2973 exolvi,
568 2912 720 2958 securum
759 2893 839 2958 mihi
878 2893 982 2959 otium
1019 2895 1205 2977 procuravi,
1244 2895 1333 2960 solus
1369 2915 1423 2960 se-

275 3011 366 3090 cedo,
400 3010 486 3075 serio
518 3009 654 3075 tandem
686 3013 720 3075 et
752 3008 855 3075 libere
889 3009 1037 3091 generati
1070 3009 1146 3074 huic
1175 3031 1322 3076 mearum
1352 3011 1423 3094 opi-

385 3231 405 3299 l)
424 3229 512 3285 Schon
530 3231 558 3283 in
577 3231 619 3283 La
637 3229 758 3283 Fleche
777 3229 977 3299 (1604-1612)
996 3230 1084 3283 fuhlre
1103 3230 1162 3284 sich
1180 3230 1213 3282 D.
1227 3247 1280 3284 von
1295 3230 1341 3282 der
1350 3230 1424 3283 Viel·

275 3320 398 3374 wisserei
416 3319 493 3372 nicht
511 3318 656 3386 bofriedigt
673 3319 729 3371 und
747 3318 843 3372 suchte
862 3319 933 3373 nach
952 3320 1026 3373 einer
1038 3319 1173 3383 Methode,
1192 3318 1296 3372 welche
1315 3319 1376 3371 dem
1394 3319 1424 3372 in

275 3411 323 3463 der
336 3408 516 3462 Mathematik
534 3408 692 3476 gegebenen
702 3407 830 3461 Vorbilde
848 3426 884 3462 en
896 3407 1045 3464 Sicherheit
1057 3407 1237 3477 gleichkdma.
1264 3407 1425 3462 Discours

276 3500 310 3551 da
328 3498 356 3551 la
374 3497 500 3550 methodo
518 3498 539 3550 Ι.

383 3586 405 3653 ²)
424 3585 455 3638 D.
475 3585 626 3653 vergleicht
644 3587 703 3641 sich
721 3585 881 3641 wiederholt
905 3588 956 3640 mit
980 3587 1069 3640 einem
1082 3585 1270 3650 Architekten,
1296 3584 1424 3650 welcher,

275 3693 321 3729 um
339 3676 384 3729 fiir
403 3674 446 3728 eiu
465 3691 574 3742 grossos
593 3675 721 3730 Gebaude
740 3676 830 3728 festen
850 3674 944 3729 Grund
962 3693 995 3728 zu
1015 3675 1114 3738 finden,
1134 3677 1226 3728 zuerst
1243 3674 1271 3726 in
1290 3675 1333 3727 die
1346 3674 1425 3726 'liefe

276 3765 356 3832 grtbt
374 3765 429 3818 und
448 3764 526 3818 debai
543 3763 619 3818 nicht
636 3763 712 3819 bloss
731 3763 783 3817 den
801 3764 931 3817 lockeren
949 3763 1023 3828 Kios,
1051 3763 1166 3817 eondern
1185 3763 1271 3828 Alles,
1292 3779 1349 3816 was
1366 3761 1425 3816 ihm

275 3852 425 3907 hinderlich
442 3853 487 3917 ist,
516 3854 643 3907 entfernt.
681 3853 767 3906 Unter
785 3853 878 3906 diesen
897 3852 1068 3906 Materialien
1087 3852 1197 3905 konnen
1215 3852 1275 3905 sich
1295 3851 1426 3904 Gesteine

276 3943 375 4008 finden,
394 3943 438 3996 die
455 3960 528 3997 zwer
545 3942 587 3996 ele
605 3941 792 3995 Fundamente
811 3940 969 4008 uuteuglich
987 3941 1055 4003 sind,
1082 3941 1148 3994 aber
1165 3941 1209 3993 bei
1227 3941 1276 3994 der
1294 3941 1426 3994 weiteren

275 4032 453 4099 Aueffihrung
478 4033 527 4086 des
550 4031 640 4085 Bsues
666 4029 858 4096 Varnendung
883 4029 975 4082 finden
1000 4030 1105 4082 dfirfen.
1143 4029 1241 4083 Dieser
1268 4029 1427 4082 Umsturz

277 4119 362 4173 aller
384 4119 627 4173 uberlieferten
646 4118 846 4184 Mainungen
869 4118 931 4172 ders
947 4117 1046 4188 jedoch
1065 4135 1115 4171 nur
1134 4118 1255 4172 eiumsl
1274 4119 1311 4170 im
1334 4117 1427 4172 Leben
