3212 4872
275 384 317 447 80
703 379 844 433 Meditntio
863 380 993 434 Secunda.

274 578 350 658 mei,
375 577 461 659 quod
485 576 545 642 sub
563 576 837 658 imaginationem
854 597 920 642 non
935 576 1042 655 venit;
1067 597 1256 660 quanquam
1272 579 1423 663 profecto

275 693 319 759 sit
342 693 462 758 mirum
484 713 540 758 res
563 713 646 774 quas
670 692 899 757 animadverto
923 712 997 757 esse
1014 691 1140 773 dubias,
1164 692 1308 776 ignotas
1333 716 1422 762 ame

274 809 410 890 alienas,
439 806 629 873 distinctius
657 829 755 890 quam
780 807 867 889 quod
890 828 1007 873 verum
1031 811 1092 888 est,
1125 809 1212 889 quod
1242 810 1421 891 cognitum,

274 945 373 1008 quam
401 923 541 1006 denique
572 944 625 988 me
648 923 757 1007 ipsum
780 943 801 988 a
824 943 876 988 me
900 923 1203 1008 comprehendunt
1235 925 1294 991 sed
1324 927 1421 993 video

274 1039 351 1122 quid
376 1040 430 1120 sit,
455 1039 579 1122 gaudet
602 1039 759 1104 aberrare
783 1061 877 1105 mens
900 1041 1033 1122 mea,³³)
1058 1060 1119 1105 nec
1143 1040 1220 1104 dum
1242 1061 1278 1106 se
1295 1042 1423 1127 patitur

272 1155 363 1221 intra
385 1155 540 1220 veritatis
563 1153 687 1219 limites
710 1153 867 1221 cohiberi.
908 1155 990 1220 Esto
1007 1154 1120 1236 igitur,
1145 1159 1180 1220 et
1196 1157 1303 1222 adhuc
1320 1159 1421 1223 semel

273 1270 463 1335 laxissimas
501 1269 649 1335 habenas
689 1269 719 1335 ei
759 1271 1002 1354 permittamus,
1043 1274 1080 1337 ut
1116 1272 1181 1337 illis
1216 1274 1313 1357 paulo
1345 1278 1422 1358 post

274 1389 457 1470 opportune
473 1385 620 1451 reductis
636 1385 767 1451 facilius
786 1408 821 1452 se
837 1387 909 1469 regi
926 1387 1084 1472 patiatur.
1091 1388 1133 1471 ³4)
1170 1389 1421 1455 Consideremus

273 1522 327 1566 res
351 1501 424 1566 illas
448 1522 532 1583 quae
555 1502 655 1583 vulgo
683 1505 844 1586 putantur
875 1502 1020 1568 omnium
1052 1503 1302 1570 distinctissime
1333 1527 1422 1570 com-

273 1616 443 1700 prehendi,
478 1637 617 1702 corpora
652 1616 779 1683 scilicet
811 1638 896 1699 quae
928 1619 1109 1700 tangimus,
1142 1640 1226 1703 quas
1259 1620 1420 1702 videmus

273 1755 339 1799 non
372 1731 503 1814 quidem
542 1753 681 1816 corpora
714 1733 749 1798 in
786 1733 965 1814 communi,
1003 1735 1177 1815 generales
1213 1735 1300 1800 enim
1334 1735 1421 1802 istas

272 1847 503 1933 perceptiones
531 1847 700 1930 aliquanto
729 1849 837 1931 magis
866 1850 1074 1934 confusae³⁵l
1108 1871 1182 1916 esse
1211 1849 1329 1931 solent,
1361 1851 1420 1916 sed

272 1986 372 2029 unum
396 1964 430 2029 in
454 1963 662 2048 particulari;
694 1985 863 2030 sumamus
892 1965 1035 2048 exempli
1059 1973 1159 2030 causa
1183 1967 1269 2031 hanc
1294 1987 1418 2046 ceram;

272 2080 460 2165 nuperrime
497 2101 539 2146 ex
574 2079 662 2145 favis
695 2079 760 2146 luit
793 2081 927 2160 educta,
961 2081 1105 2147 nondum
1139 2081 1252 2146 amisit
1289 2103 1419 2147 omnem

272 2216 424 2279 saporem
448 2195 499 2260 sui
523 2195 639 2276 mellis,
664 2195 813 2261 nonnihil
835 2195 960 2262 retinet
980 2196 1090 2263 odoris
1105 2198 1223 2263 florum
1243 2217 1286 2262 ex
1302 2197 1420 2280 quibus

272 2311 411 2376 collecta
434 2314 501 2389 est3
533 2310 604 2376 eius
634 2311 732 2391 color,
763 2313 880 2393 figura,
905 2312 1100 2393 magnitudo
1124 2312 1303 2378 manifesta
1327 2317 1419 2379 sunt:

272 2426 355 2491 dura
385 2429 447 2504 est,
479 2425 603 2507 frigida
631 2429 692 2507 est,
724 2427 823 2492 facile
846 2426 1007 2509 tangitur,
1038 2448 1077 2492 ac
1101 2427 1130 2493 sl
1154 2427 1292 2494 articulo
1317 2428 1420 2493 ferias

272 2540 404 2606 emittet
442 2561 573 2606 sonum:
613 2540 723 2606 omnia
762 2541 903 2623 denique
940 2541 987 2606 illi
1022 2542 1144 2608 adsunt
1179 2563 1263 2625 quae
1294 2543 1418 2625 requiri

271 2656 428 2721 videntur
468 2659 505 2721 ut
547 2677 665 2740 corpus
704 2657 835 2741 aliquod
874 2657 980 2742 possit
1025 2678 1124 2739 quam
1169 2657 1419 2724 distinctissime

272 2771 435 2853 cognosci.
483 2771 547 2837 Sed
576 2793 662 2852 ecce,
695 2773 771 2837 dum
799 2772 925 2856 loquor,
957 2771 1027 2854 igni
1052 2772 1257 2854 admovetur,
1289 2773 1419 2858 saporis

271 2886 430 2969 reliquiae
461 2891 657 2970 purgantur,
698 2887 779 2954 odor
812 2887 960 2972 expirat,
1001 2887 1089 2954 color
1119 2892 1278 2969 mutatur,
1311 2891 1419 2971 figura

270 2994 410 3082 tollitur,
432 3003 553 3068 crescit
576 3003 781 3085 magnitudo,
812 3004 851 3068 fit
873 3002 1008 3084 liquida,
1032 3004 1071 3068 fit
1093 3004 1210 3084 calida,
1241 3004 1300 3069 vix
1324 3004 1418 3086 tangi

271 3121 392 3200 potest,
416 3140 477 3184 nec
501 3118 567 3183 iam
593 3118 620 3182 si
644 3118 755 3203 pulses
780 3117 913 3183 emittet
936 3139 1067 3184 sonum:
1091 3123 1286 3185 remanetno
1310 3121 1418 3185 adhuc

271 3235 387 3299 eadem
418 3241 516 3300 cera?
549 3255 722 3299 remanere
753 3233 926 3299 fatendum
955 3236 1017 3313 est,
1051 3255 1146 3299 nemo
1178 3237 1290 3316 negat,
1322 3256 1418 3300 nemo

269 3348 368 3414 aliter
391 3348 545 3432 putat.³⁶)
593 3348 676 3426 Quid
705 3352 778 3414 erat
805 3348 909 3430 igitur
935 3348 970 3413 in
994 3356 1034 3413 ea
1057 3350 1143 3430 quod
1167 3352 1237 3414 tam
1262 3350 1419 3416 distincte

272 3467 353 3472 --
552 3467 1420 3474 ———-—·—·———————--—-—-—-—-—-—-——--—-—

379 3507 413 3575 82)
431 3507 482 3562 Die
501 3507 662 3561 bildliche
682 3507 946 3562 Erkenntnissweise
964 3508 1058 3562 leistst
1075 3509 1103 3561 in
1121 3509 1213 3576 Bezug
1236 3509 1285 3563 auf
1304 3509 1353 3563 das
1372 3508 1419 3560 Er-

269 3596 362 3650 fassen
382 3596 429 3651 der
448 3597 582 3665 geistigen
595 3596 681 3651 Nutur
698 3597 774 3651 nicht
792 3614 843 3650 nur
860 3597 957 3663 nichts,
977 3597 1094 3651 sondern
1112 3597 1205 3651 macht
1223 3596 1348 3651 dasselbe
1367 3613 1420 3649 nur

269 3702 315 3738 um
334 3702 364 3738 so
383 3685 564 3753 schwieriger.

377 3774 412 3842 ³³)
435 3775 491 3828 Der
509 3774 588 3830 Geist
610 3775 700 3829 frent
722 3775 781 3829 sich
805 3777 895 3830 seines
913 3775 1054 3842 Irrthums,
1079 3775 1104 3828 d.
1117 3774 1144 3828 h.
1165 3791 1194 3827 er
1213 3773 1269 3827 will
1287 3790 1337 3827 aus
1355 3773 1420 3826 dem

268 3863 456 3931 angenehmen
468 3864 584 3919 Traume
597 3864 645 3917 der
657 3863 810 3918 sinnlichen
822 3864 1091 3930 nrkennlnissweise
1100 3863 1176 3917 nicht
1187 3881 1255 3931 gern
1267 3862 1419 3916 erwachsn.

377 3954 411 4022 34)
430 3953 448 4007 J
450 3970 464 4006 e
477 3953 649 4021 grundlioher
661 3954 706 4006 der
718 3953 832 4007 Mensch
849 3953 907 4007 sich
924 3955 974 4008 mit
993 3953 1082 4007 dieser
1093 3950 1357 4006 Erkenntnissweise
1374 3951 1420 4004 be-

268 4043 346 4107 fasst,
373 4043 450 4096 desto
474 4041 565 4096 klarer
588 4041 703 4095 erkennt
725 4059 762 4105 er,
789 4041 853 4096 dass
876 4043 974 4109 genade
998 4043 1047 4096 das
1070 4041 1203 4096 sinnliche
1222 4041 1353 4096 Erlassen
1372 4039 1422 4093 der

268 4129 372 4198 Kdrper
391 4129 493 4184 dunkel
511 4130 566 4183 und
584 4148 737 4184 verworren
755 4132 799 4185 ist.
834 4129 878 4184 An
897 4131 986 4185 dieser
1002 4131 1086 4186 Stelle
1104 4131 1217 4198 beginnt
1234 4130 1283 4183 der
1300 4127 1421 4183 zweite
