<?xml version="1.0" encoding="UTF-8"?>
<!DOCTYPE html PUBLIC "-//W3C//DTD XHTML 1.0 Transitional//EN"
    "http://www.w3.org/TR/xhtml1/DTD/xhtml1-transitional.dtd">
<html xmlns="http://www.w3.org/1999/xhtml" xml:lang="en" lang="en">
 <head>
  <title>
</title>
<meta http-equiv="Content-Type" content="text/html;charset=utf-8" />
  <meta name='ocr-system' content='tesseract 3.04.00' />
  <meta name='ocr-capabilities' content='ocr_page ocr_carea ocr_par ocr_line ocrx_word'/>
</head>
<body>
  <div class='ocr_page' id='page_1' title='image "./meditationesdep01gtgoog_0106.png"; bbox 0 0 3212 4872; ppageno 0'>
   <div class='ocr_carea' id='block_1_1' title="bbox 277 386 979 454">
    <p class='ocr_par' dir='ltr' id='par_1_1' title="bbox 277 386 979 454">
     <span class='ocr_line' id='line_1_1' title="bbox 277 386 979 454; baseline 0 -14"><span class='ocrx_word' id='word_1_1' title='bbox 277 387 319 454; x_wconf 83' lang='lat'>94</span> <span class='ocrx_word' id='word_1_2' title='bbox 721 386 861 443; x_wconf 88' lang='lat' dir='ltr'>Meditatio</span> <span class='ocrx_word' id='word_1_3' title='bbox 881 387 979 442; x_wconf 81' lang='lat' dir='ltr'>Tertia.</span> 
     </span>
    </p>
   </div>
   <div class='ocr_carea' id='block_1_2' title="bbox 277 583 1424 1019">
    <p class='ocr_par' dir='ltr' id='par_1_2' title="bbox 277 583 1424 1019">
     <span class='ocr_line' id='line_1_2' title="bbox 277 583 1424 670; baseline 0.003 -20"><span class='ocrx_word' id='word_1_4' title='bbox 277 585 385 670; x_wconf 79' lang='lat' dir='ltr'>prima</span> <span class='ocrx_word' id='word_1_5' title='bbox 408 583 596 667; x_wconf 78' lang='lat' dir='ltr'>cognitione</span> <span class='ocrx_word' id='word_1_6' title='bbox 627 583 708 650; x_wconf 89' lang='lat' dir='ltr'>nihil</span> <span class='ocrx_word' id='word_1_7' title='bbox 732 584 821 651; x_wconf 93' lang='lat' dir='ltr'>aliud</span> <span class='ocrx_word' id='word_1_8' title='bbox 853 588 915 666; x_wconf 90' lang='lat' dir='ltr'>est,</span> <span class='ocrx_word' id='word_1_9' title='bbox 947 606 1045 668; x_wconf 88' lang='lat' dir='ltr'>quam</span> <span class='ocrx_word' id='word_1_10' title='bbox 1078 585 1167 652; x_wconf 89' lang='lat' dir='ltr'>clara</span> <span class='ocrx_word' id='word_1_11' title='bbox 1197 587 1360 668; x_wconf 81' lang='lat' dir='ltr'>quaedam</span> <span class='ocrx_word' id='word_1_12' title='bbox 1390 591 1424 653; x_wconf 87' lang='lat' dir='ltr'>et</span> 
     </span>
     <span class='ocr_line' id='line_1_3' title="bbox 278 700 1424 786; baseline 0.002 -20"><span class='ocrx_word' id='word_1_13' title='bbox 278 701 437 768; x_wconf 87' lang='lat' dir='ltr'>distincta</span> <span class='ocrx_word' id='word_1_14' title='bbox 474 700 643 786; x_wconf 78' lang='lat' dir='ltr'>perceptio</span> <span class='ocrx_word' id='word_1_15' title='bbox 683 700 753 766; x_wconf 91' lang='lat' dir='ltr'>eius</span> <span class='ocrx_word' id='word_1_16' title='bbox 797 702 884 784; x_wconf 93' lang='lat' dir='ltr'>quod</span> <span class='ocrx_word' id='word_1_17' title='bbox 927 702 1071 782; x_wconf 85' lang='lat' dir='ltr'>affirmo;</span> <span class='ocrx_word' id='word_1_18' title='bbox 1116 723 1200 784; x_wconf 92' lang='lat' dir='ltr'>quae</span> <span class='ocrx_word' id='word_1_19' title='bbox 1239 725 1320 769; x_wconf 89' lang='lat' dir='ltr'>sane</span> <span class='ocrx_word' id='word_1_20' title='bbox 1358 725 1424 770; x_wconf 90' lang='lat' dir='ltr'>non</span> 
     </span>
     <span class='ocr_line' id='line_1_4' title="bbox 278 816 1424 886; baseline 0.002 -4"><span class='ocrx_word' id='word_1_21' title='bbox 278 817 448 883; x_wconf 84' lang='lat' dir='ltr'>sufficeret</span> <span class='ocrx_word' id='word_1_22' title='bbox 485 817 528 883; x_wconf 90' lang='lat' dir='ltr'>ad</span> <span class='ocrx_word' id='word_1_23' title='bbox 565 837 618 882; x_wconf 89' lang='lat' dir='ltr'>me</span> <span class='ocrx_word' id='word_1_24' title='bbox 657 821 783 884; x_wconf 83' lang='lat' dir='ltr'>certum</span> <span class='ocrx_word' id='word_1_25' title='bbox 820 817 861 884; x_wconf 90' lang='lat' dir='ltr'>de</span> <span class='ocrx_word' id='word_1_26' title='bbox 894 816 944 883; x_wconf 88' lang='lat' dir='ltr'>rei</span> <span class='ocrx_word' id='word_1_27' title='bbox 978 816 1122 884; x_wconf 86' lang='lat' dir='ltr'>veritate</span> <span class='ocrx_word' id='word_1_28' title='bbox 1156 819 1361 885; x_wconf 88' lang='lat' dir='ltr'>reddendum</span> <span class='ocrx_word' id='word_1_29' title='bbox 1395 820 1424 886; x_wconf 92' lang='lat' dir='ltr'>si</span> 
     </span>
     <span class='ocr_line' id='line_1_5' title="bbox 277 933 1424 1019; baseline 0.002 -19"><span class='ocrx_word' id='word_1_30' title='bbox 277 937 391 1019; x_wconf 88' lang='lat' dir='ltr'>posset</span> <span class='ocrx_word' id='word_1_31' title='bbox 425 955 569 1016; x_wconf 89' lang='lat' dir='ltr'>unquam</span> <span class='ocrx_word' id='word_1_32' title='bbox 605 934 799 1018; x_wconf 82' lang='lat' dir='ltr'>contingere</span> <span class='ocrx_word' id='word_1_33' title='bbox 832 937 871 1000; x_wconf 93' lang='lat' dir='ltr'>ut</span> <span class='ocrx_word' id='word_1_34' title='bbox 904 933 1028 1017; x_wconf 90' lang='lat' dir='ltr'>aliquid</span> <span class='ocrx_word' id='word_1_35' title='bbox 1063 934 1150 1017; x_wconf 92' lang='lat' dir='ltr'>quod</span> <span class='ocrx_word' id='word_1_36' title='bbox 1184 934 1234 1000; x_wconf 90' lang='lat' dir='ltr'>ita</span> <span class='ocrx_word' id='word_1_37' title='bbox 1268 935 1356 1001; x_wconf 90' lang='lat' dir='ltr'>clare</span> <span class='ocrx_word' id='word_1_38' title='bbox 1390 939 1424 1002; x_wconf 91' lang='lat' dir='ltr'>et</span> 
     </span>
    </p>
   </div>
   <div class='ocr_carea' id='block_1_3' title="bbox 278 1049 1523 1136">
    <p class='ocr_par' dir='ltr' id='par_1_3' title="bbox 278 1049 1523 1136">
     <span class='ocr_line' id='line_1_6' title="bbox 278 1049 1523 1136; baseline 0.002 -20"><span class='ocrx_word' id='word_1_39' title='bbox 278 1049 434 1116; x_wconf 87' lang='lat' dir='ltr'>distincte</span> <span class='ocrx_word' id='word_1_40' title='bbox 460 1050 665 1134; x_wconf 80' lang='lat' dir='ltr'>perciperem</span> <span class='ocrx_word' id='word_1_41' title='bbox 693 1051 814 1132; x_wconf 86' lang='lat' dir='ltr'>falsum</span> <span class='ocrx_word' id='word_1_42' title='bbox 838 1054 942 1118; x_wconf 88' lang='lat' dir='ltr'>esset:</span> <span class='ocrx_word' id='word_1_43' title='bbox 974 1072 1014 1117; x_wconf 87' lang='lat' dir='ltr'>ac</span> <span class='ocrx_word' id='word_1_44' title='bbox 1044 1052 1181 1136; x_wconf 89' lang='lat' dir='ltr'>proinde</span> <span class='ocrx_word' id='word_1_45' title='bbox 1211 1052 1278 1118; x_wconf 91' lang='lat' dir='ltr'>iam</span> <span class='ocrx_word' id='word_1_46' title='bbox 1308 1052 1423 1119; x_wconf 89' lang='lat' dir='ltr'>videor</span> <span class='ocrx_word' id='word_1_47' title='bbox 1520 1063 1523 1070; x_wconf 84' lang='lat'>&#39;</span> 
     </span>
    </p>
   </div>
   <div class='ocr_carea' id='block_1_4' title="bbox 275 1166 1424 3463">
    <p class='ocr_par' dir='ltr' id='par_1_4' title="bbox 275 1166 1424 3463">
     <span class='ocr_line' id='line_1_7' title="bbox 276 1166 1423 1252; baseline 0.001 -20"><span class='ocrx_word' id='word_1_48' title='bbox 276 1190 336 1252; x_wconf 96' lang='lat' dir='ltr'>pro</span> <span class='ocrx_word' id='word_1_49' title='bbox 359 1167 476 1250; x_wconf 80' lang='lat' dir='ltr'>regula</span> <span class='ocrx_word' id='word_1_50' title='bbox 498 1166 646 1251; x_wconf 84' lang='lat' dir='ltr'>generali</span> <span class='ocrx_word' id='word_1_51' title='bbox 669 1188 767 1252; x_wconf 86' lang='lat' dir='ltr'>posse</span> <span class='ocrx_word' id='word_1_52' title='bbox 791 1170 950 1249; x_wconf 86' lang='lat' dir='ltr'>statuere,</span> <span class='ocrx_word' id='word_1_53' title='bbox 980 1167 1061 1233; x_wconf 94' lang='lat' dir='ltr'>illud</span> <span class='ocrx_word' id='word_1_54' title='bbox 1089 1189 1186 1234; x_wconf 93' lang='lat' dir='ltr'>omne</span> <span class='ocrx_word' id='word_1_55' title='bbox 1210 1189 1284 1234; x_wconf 90' lang='lat' dir='ltr'>esse</span> <span class='ocrx_word' id='word_1_56' title='bbox 1307 1190 1423 1235; x_wconf 91' lang='lat' dir='ltr'>verum</span> 
     </span>
     <span class='ocr_line' id='line_1_8' title="bbox 278 1282 1422 1368; baseline 0.002 -19"><span class='ocrx_word' id='word_1_57' title='bbox 278 1283 364 1366; x_wconf 96' lang='lat' dir='ltr'>quod</span> <span class='ocrx_word' id='word_1_58' title='bbox 403 1282 500 1349; x_wconf 92' lang='lat' dir='ltr'>valde</span> <span class='ocrx_word' id='word_1_59' title='bbox 540 1283 628 1348; x_wconf 90' lang='lat' dir='ltr'>clare</span> <span class='ocrx_word' id='word_1_60' title='bbox 666 1286 702 1348; x_wconf 91' lang='lat' dir='ltr'>et</span> <span class='ocrx_word' id='word_1_61' title='bbox 740 1282 896 1349; x_wconf 85' lang='lat' dir='ltr'>distincte</span> <span class='ocrx_word' id='word_1_62' title='bbox 934 1282 1121 1368; x_wconf 83' lang='lat' dir='ltr'>percipio.⁶)</span> <span class='ocrx_word' id='word_1_63' title='bbox 1182 1285 1422 1352; x_wconf 80' lang='lat' dir='ltr'>Verumtamen</span> 
     </span>
     <span class='ocr_line' id='line_1_9' title="bbox 277 1398 1423 1485; baseline 0.003 -21"><span class='ocrx_word' id='word_1_64' title='bbox 277 1399 381 1465; x_wconf 90' lang='lat' dir='ltr'>multa</span> <span class='ocrx_word' id='word_1_65' title='bbox 411 1398 503 1483; x_wconf 91' lang='lat' dir='ltr'>prius</span> <span class='ocrx_word' id='word_1_66' title='bbox 533 1401 571 1464; x_wconf 94' lang='lat' dir='ltr'>ut</span> <span class='ocrx_word' id='word_1_67' title='bbox 600 1398 733 1465; x_wconf 90' lang='lat' dir='ltr'>omnino</span> <span class='ocrx_word' id='word_1_68' title='bbox 764 1402 857 1465; x_wconf 90' lang='lat' dir='ltr'>certa</span> <span class='ocrx_word' id='word_1_69' title='bbox 890 1401 924 1466; x_wconf 90' lang='lat' dir='ltr'>et</span> <span class='ocrx_word' id='word_1_70' title='bbox 958 1399 1139 1466; x_wconf 90' lang='lat' dir='ltr'>manifesta</span> <span class='ocrx_word' id='word_1_71' title='bbox 1173 1400 1301 1483; x_wconf 83' lang='lat' dir='ltr'>admisi,</span> <span class='ocrx_word' id='word_1_72' title='bbox 1338 1423 1423 1485; x_wconf 90' lang='lat' dir='ltr'>quae</span> 
     </span>
     <span class='ocr_line' id='line_1_10' title="bbox 277 1515 1424 1600; baseline 0.003 -20"><span class='ocrx_word' id='word_1_73' title='bbox 277 1519 389 1581; x_wconf 91' lang='lat' dir='ltr'>tamen</span> <span class='ocrx_word' id='word_1_74' title='bbox 422 1517 539 1600; x_wconf 87' lang='lat' dir='ltr'>postea</span> <span class='ocrx_word' id='word_1_75' title='bbox 574 1515 673 1580; x_wconf 91' lang='lat' dir='ltr'>dubia</span> <span class='ocrx_word' id='word_1_76' title='bbox 708 1536 782 1581; x_wconf 90' lang='lat' dir='ltr'>esse</span> <span class='ocrx_word' id='word_1_77' title='bbox 814 1515 1066 1600; x_wconf 80' lang='lat' dir='ltr'>deprehendi:⁶)</span> <span class='ocrx_word' id='word_1_78' title='bbox 1100 1516 1210 1600; x_wconf 91' lang='lat' dir='ltr'>qualia</span> <span class='ocrx_word' id='word_1_79' title='bbox 1245 1539 1325 1600; x_wconf 79' lang='lat' dir='ltr'>ergo</span> <span class='ocrx_word' id='word_1_80' title='bbox 1356 1517 1424 1584; x_wconf 90' lang='lat' dir='ltr'>ista</span> 
     </span>
     <span class='ocr_line' id='line_1_11' title="bbox 277 1631 1423 1717; baseline 0.003 -20"><span class='ocrx_word' id='word_1_81' title='bbox 277 1633 391 1699; x_wconf 77' lang='lat' dir='ltr'>fuere?</span> <span class='ocrx_word' id='word_1_82' title='bbox 414 1652 533 1717; x_wconf 86' lang='lat' dir='ltr'>nempe</span> <span class='ocrx_word' id='word_1_83' title='bbox 556 1634 658 1713; x_wconf 85' lang='lat' dir='ltr'>terra,</span> <span class='ocrx_word' id='word_1_84' title='bbox 683 1631 820 1712; x_wconf 88' lang='lat' dir='ltr'>coelum,</span> <span class='ocrx_word' id='word_1_85' title='bbox 845 1631 967 1716; x_wconf 85' lang='lat' dir='ltr'>sydera</span> <span class='ocrx_word' id='word_1_86' title='bbox 991 1635 1025 1697; x_wconf 87' lang='lat' dir='ltr'>et</span> <span class='ocrx_word' id='word_1_87' title='bbox 1041 1635 1176 1699; x_wconf 91' lang='lat' dir='ltr'>coetera</span> <span class='ocrx_word' id='word_1_88' title='bbox 1194 1634 1313 1716; x_wconf 89' lang='lat' dir='ltr'>omnia,</span> <span class='ocrx_word' id='word_1_89' title='bbox 1338 1654 1423 1716; x_wconf 90' lang='lat' dir='ltr'>quae</span> 
     </span>
     <span class='ocr_line' id='line_1_12' title="bbox 277 1747 1423 1834; baseline 0.001 -19"><span class='ocrx_word' id='word_1_90' title='bbox 277 1748 428 1816; x_wconf 83' lang='lat' dir='ltr'>sensibus</span> <span class='ocrx_word' id='word_1_91' title='bbox 453 1748 668 1832; x_wconf 87' lang='lat' dir='ltr'>usurpabam;</span> <span class='ocrx_word' id='word_1_92' title='bbox 694 1747 772 1830; x_wconf 92' lang='lat' dir='ltr'>quid</span> <span class='ocrx_word' id='word_1_93' title='bbox 796 1750 908 1813; x_wconf 92' lang='lat' dir='ltr'>autem</span> <span class='ocrx_word' id='word_1_94' title='bbox 933 1747 973 1813; x_wconf 92' lang='lat' dir='ltr'>de</span> <span class='ocrx_word' id='word_1_95' title='bbox 992 1747 1058 1814; x_wconf 90' lang='lat' dir='ltr'>illis</span> <span class='ocrx_word' id='word_1_96' title='bbox 1075 1749 1163 1816; x_wconf 88' lang='lat' dir='ltr'>clare</span> <span class='ocrx_word' id='word_1_97' title='bbox 1179 1749 1423 1834; x_wconf 80' lang='lat' dir='ltr'>percipiebam?</span> 
     </span>
     <span class='ocr_line' id='line_1_13' title="bbox 277 1864 1423 1950; baseline -0.001 -19"><span class='ocrx_word' id='word_1_98' title='bbox 277 1887 395 1950; x_wconf 87' lang='lat' dir='ltr'>nempe</span> <span class='ocrx_word' id='word_1_99' title='bbox 425 1866 516 1950; x_wconf 91' lang='lat' dir='ltr'>ipsas</span> <span class='ocrx_word' id='word_1_100' title='bbox 542 1865 659 1931; x_wconf 90' lang='lat' dir='ltr'>talium</span> <span class='ocrx_word' id='word_1_101' title='bbox 689 1885 800 1930; x_wconf 88' lang='lat' dir='ltr'>rerum</span> <span class='ocrx_word' id='word_1_102' title='bbox 831 1864 934 1946; x_wconf 90' lang='lat' dir='ltr'>ideas,</span> <span class='ocrx_word' id='word_1_103' title='bbox 966 1865 1038 1931; x_wconf 86' lang='lat' dir='ltr'>sive</span> <span class='ocrx_word' id='word_1_104' title='bbox 1068 1865 1289 1950; x_wconf 83' lang='lat' dir='ltr'>cogitationes</span> <span class='ocrx_word' id='word_1_105' title='bbox 1320 1866 1423 1933; x_wconf 87' lang='lat' dir='ltr'>menti</span> 
     </span>
     <span class='ocr_line' id='line_1_14' title="bbox 277 1981 1423 2065; baseline 0.001 -17"><span class='ocrx_word' id='word_1_106' title='bbox 277 2003 371 2049; x_wconf 89' lang='lat' dir='ltr'>meae</span> <span class='ocrx_word' id='word_1_107' title='bbox 395 1981 581 2062; x_wconf 87' lang='lat' dir='ltr'>obversari;</span> <span class='ocrx_word' id='word_1_108' title='bbox 606 1981 730 2048; x_wconf 89' lang='lat' dir='ltr'>sedne</span> <span class='ocrx_word' id='word_1_109' title='bbox 754 2003 840 2047; x_wconf 91' lang='lat' dir='ltr'>nunc</span> <span class='ocrx_word' id='word_1_110' title='bbox 864 1981 996 2065; x_wconf 88' lang='lat' dir='ltr'>quidem</span> <span class='ocrx_word' id='word_1_111' title='bbox 1020 1982 1094 2048; x_wconf 86' lang='lat' dir='ltr'>illas</span> <span class='ocrx_word' id='word_1_112' title='bbox 1117 1983 1210 2049; x_wconf 90' lang='lat' dir='ltr'>ideas</span> <span class='ocrx_word' id='word_1_113' title='bbox 1230 1983 1265 2048; x_wconf 89' lang='lat' dir='ltr'>in</span> <span class='ocrx_word' id='word_1_114' title='bbox 1280 2004 1333 2049; x_wconf 93' lang='lat' dir='ltr'>me</span> <span class='ocrx_word' id='word_1_115' title='bbox 1350 2004 1423 2049; x_wconf 89' lang='lat' dir='ltr'>esse</span> 
     </span>
     <span class='ocr_line' id='line_1_15' title="bbox 276 2097 1421 2182; baseline -0.001 -17"><span class='ocrx_word' id='word_1_116' title='bbox 276 2099 413 2167; x_wconf 90' lang='lat' dir='ltr'>inficior.</span> <span class='ocrx_word' id='word_1_117' title='bbox 474 2099 575 2165; x_wconf 87' lang='lat' dir='ltr'>Aliud</span> <span class='ocrx_word' id='word_1_118' title='bbox 614 2101 726 2164; x_wconf 84' lang='lat' dir='ltr'>autem</span> <span class='ocrx_word' id='word_1_119' title='bbox 766 2097 922 2181; x_wconf 91' lang='lat' dir='ltr'>quiddam</span> <span class='ocrx_word' id='word_1_120' title='bbox 960 2102 1035 2165; x_wconf 90' lang='lat' dir='ltr'>erat</span> <span class='ocrx_word' id='word_1_121' title='bbox 1073 2100 1160 2182; x_wconf 95' lang='lat' dir='ltr'>quod</span> <span class='ocrx_word' id='word_1_122' title='bbox 1198 2099 1421 2180; x_wconf 86' lang='lat' dir='ltr'>affirmabam,</span> 
     </span>
     <span class='ocr_line' id='line_1_16' title="bbox 278 2214 1422 2301; baseline 0.001 -20"><span class='ocrx_word' id='word_1_123' title='bbox 278 2216 428 2299; x_wconf 91' lang='lat' dir='ltr'>quodque</span> <span class='ocrx_word' id='word_1_124' title='bbox 472 2215 574 2281; x_wconf 87' lang='lat' dir='ltr'>etiarn</span> <span class='ocrx_word' id='word_1_125' title='bbox 613 2215 653 2281; x_wconf 98' lang='lat' dir='ltr'>ob</span> <span class='ocrx_word' id='word_1_126' title='bbox 694 2214 965 2281; x_wconf 89' lang='lat' dir='ltr'>consuetudinem</span> <span class='ocrx_word' id='word_1_127' title='bbox 1008 2215 1164 2282; x_wconf 93' lang='lat' dir='ltr'>credendi</span> <span class='ocrx_word' id='word_1_128' title='bbox 1173 2216 1198 2301; x_wconf 80' lang='lat'>⁷)</span> <span class='ocrx_word' id='word_1_129' title='bbox 1243 2216 1331 2282; x_wconf 90' lang='lat' dir='ltr'>clare</span> <span class='ocrx_word' id='word_1_130' title='bbox 1370 2237 1422 2282; x_wconf 90' lang='lat' dir='ltr'>me</span> 
     </span>
     <span class='ocr_line' id='line_1_17' title="bbox 276 2331 1422 2418; baseline -0.002 -19"><span class='ocrx_word' id='word_1_131' title='bbox 276 2333 449 2418; x_wconf 86' lang='lat' dir='ltr'>percipere</span> <span class='ocrx_word' id='word_1_132' title='bbox 473 2332 671 2413; x_wconf 89' lang='lat' dir='ltr'>arbitrabar,</span> <span class='ocrx_word' id='word_1_133' title='bbox 696 2331 782 2414; x_wconf 93' lang='lat' dir='ltr'>quod</span> <span class='ocrx_word' id='word_1_134' title='bbox 804 2335 918 2398; x_wconf 90' lang='lat' dir='ltr'>tamen</span> <span class='ocrx_word' id='word_1_135' title='bbox 941 2353 1060 2398; x_wconf 88' lang='lat' dir='ltr'>revera</span> <span class='ocrx_word' id='word_1_136' title='bbox 1076 2354 1140 2398; x_wconf 93' lang='lat' dir='ltr'>non</span> <span class='ocrx_word' id='word_1_137' title='bbox 1156 2331 1422 2418; x_wconf 81' lang='lat' dir='ltr'>percipiebam,⁸)</span> 
     </span>
     <span class='ocr_line' id='line_1_18' title="bbox 277 2449 1422 2534; baseline 0.001 -19"><span class='ocrx_word' id='word_1_138' title='bbox 277 2471 395 2534; x_wconf 86' lang='lat' dir='ltr'>nempe</span> <span class='ocrx_word' id='word_1_139' title='bbox 423 2469 478 2514; x_wconf 90' lang='lat' dir='ltr'>res</span> <span class='ocrx_word' id='word_1_140' title='bbox 501 2449 662 2531; x_wconf 88' lang='lat' dir='ltr'>quasdam</span> <span class='ocrx_word' id='word_1_141' title='bbox 693 2452 791 2515; x_wconf 88' lang='lat' dir='ltr'>extra</span> <span class='ocrx_word' id='word_1_142' title='bbox 820 2470 873 2514; x_wconf 91' lang='lat' dir='ltr'>me</span> <span class='ocrx_word' id='word_1_143' title='bbox 905 2470 988 2530; x_wconf 86' lang='lat' dir='ltr'>esse,</span> <span class='ocrx_word' id='word_1_144' title='bbox 1020 2449 1182 2532; x_wconf 91' lang='lat' dir='ltr'>aquibus</span> <span class='ocrx_word' id='word_1_145' title='bbox 1210 2449 1307 2516; x_wconf 90' lang='lat' dir='ltr'>ideae</span> <span class='ocrx_word' id='word_1_146' title='bbox 1336 2450 1422 2516; x_wconf 86' lang='lat' dir='ltr'>istae</span> 
     </span>
     <span class='ocr_line' id='line_1_19' title="bbox 277 2564 1422 2650; baseline 0 -18"><span class='ocrx_word' id='word_1_147' title='bbox 277 2565 511 2650; x_wconf 89' lang='lat' dir='ltr'>procedebant,</span> <span class='ocrx_word' id='word_1_148' title='bbox 545 2567 580 2630; x_wconf 89' lang='lat' dir='ltr'>et</span> <span class='ocrx_word' id='word_1_149' title='bbox 613 2564 730 2646; x_wconf 88' lang='lat' dir='ltr'>quibus</span> <span class='ocrx_word' id='word_1_150' title='bbox 763 2564 895 2632; x_wconf 91' lang='lat' dir='ltr'>omnino</span> <span class='ocrx_word' id='word_1_151' title='bbox 929 2565 1053 2632; x_wconf 89' lang='lat' dir='ltr'>similes</span> <span class='ocrx_word' id='word_1_152' title='bbox 1086 2570 1197 2646; x_wconf 82' lang='lat' dir='ltr'>erant;</span> <span class='ocrx_word' id='word_1_153' title='bbox 1230 2570 1331 2650; x_wconf 89' lang='lat' dir='ltr'>atque</span> <span class='ocrx_word' id='word_1_154' title='bbox 1360 2566 1422 2632; x_wconf 89' lang='lat' dir='ltr'>hoc</span> 
     </span>
     <span class='ocr_line' id='line_1_20' title="bbox 277 2681 1421 2764; baseline 0 -16"><span class='ocrx_word' id='word_1_155' title='bbox 277 2684 361 2764; x_wconf 91' lang='lat' dir='ltr'>erat,</span> <span class='ocrx_word' id='word_1_156' title='bbox 391 2681 427 2746; x_wconf 94' lang='lat' dir='ltr'>in</span> <span class='ocrx_word' id='word_1_157' title='bbox 455 2701 518 2764; x_wconf 92' lang='lat' dir='ltr'>quo</span> <span class='ocrx_word' id='word_1_158' title='bbox 547 2681 600 2746; x_wconf 86' lang='lat' dir='ltr'>vel</span> <span class='ocrx_word' id='word_1_159' title='bbox 630 2681 780 2762; x_wconf 83' lang='lat' dir='ltr'>fallebar,</span> <span class='ocrx_word' id='word_1_160' title='bbox 811 2682 866 2748; x_wconf 87' lang='lat' dir='ltr'>vel</span> <span class='ocrx_word' id='word_1_161' title='bbox 895 2686 987 2748; x_wconf 82' lang='lat' dir='ltr'>certe</span> <span class='ocrx_word' id='word_1_162' title='bbox 1017 2681 1046 2747; x_wconf 90' lang='lat' dir='ltr'>si</span> <span class='ocrx_word' id='word_1_163' title='bbox 1077 2703 1195 2748; x_wconf 87' lang='lat' dir='ltr'>verum</span> <span class='ocrx_word' id='word_1_164' title='bbox 1224 2682 1421 2764; x_wconf 90' lang='lat' dir='ltr'>iudicabam,</span> 
     </span>
     <span class='ocr_line' id='line_1_21' title="bbox 276 2796 1421 2882; baseline 0.001 -18"><span class='ocrx_word' id='word_1_165' title='bbox 276 2799 310 2864; x_wconf 90' lang='lat' dir='ltr'>id</span> <span class='ocrx_word' id='word_1_166' title='bbox 333 2820 399 2864; x_wconf 92' lang='lat' dir='ltr'>non</span> <span class='ocrx_word' id='word_1_167' title='bbox 423 2818 465 2863; x_wconf 87' lang='lat' dir='ltr'>ex</span> <span class='ocrx_word' id='word_1_168' title='bbox 489 2796 522 2862; x_wconf 88' lang='lat' dir='ltr'>vi</span> <span class='ocrx_word' id='word_1_169' title='bbox 546 2817 640 2862; x_wconf 90' lang='lat' dir='ltr'>meae</span> <span class='ocrx_word' id='word_1_170' title='bbox 669 2797 893 2882; x_wconf 88' lang='lat' dir='ltr'>perceptionis</span> <span class='ocrx_word' id='word_1_171' title='bbox 924 2797 1180 2882; x_wconf 81' lang='lat' dir='ltr'>contingebat.⁹)</span> <span class='ocrx_word' id='word_1_172' title='bbox 1228 2799 1312 2877; x_wconf 81' lang='lat' dir='ltr'>Quid</span> <span class='ocrx_word' id='word_1_173' title='bbox 1341 2820 1421 2865; x_wconf 89' lang='lat' dir='ltr'>vero</span> 
     </span>
     <span class='ocr_line' id='line_1_22' title="bbox 277 2911 1421 2998; baseline 0 -17"><span class='ocrx_word' id='word_1_174' title='bbox 277 2919 350 2981; x_wconf 82' lang='lat' dir='ltr'>cum</span> <span class='ocrx_word' id='word_1_175' title='bbox 374 2913 462 2979; x_wconf 93' lang='lat' dir='ltr'>circa</span> <span class='ocrx_word' id='word_1_176' title='bbox 485 2934 539 2978; x_wconf 86' lang='lat' dir='ltr'>res</span> <span class='ocrx_word' id='word_1_177' title='bbox 562 2911 812 2994; x_wconf 80' lang='lat' dir='ltr'>Arithmeticas,</span> <span class='ocrx_word' id='word_1_178' title='bbox 843 2914 897 2979; x_wconf 89' lang='lat' dir='ltr'>vel</span> <span class='ocrx_word' id='word_1_179' title='bbox 921 2914 1147 2980; x_wconf 80' lang='lat' dir='ltr'>Geometricas</span> <span class='ocrx_word' id='word_1_180' title='bbox 1177 2914 1300 2998; x_wconf 90' lang='lat' dir='ltr'>aliquid</span> <span class='ocrx_word' id='word_1_181' title='bbox 1324 2915 1421 2981; x_wconf 89' lang='lat' dir='ltr'>valde</span> 
     </span>
     <span class='ocr_line' id='line_1_23' title="bbox 276 3028 1423 3115; baseline -0.001 -18"><span class='ocrx_word' id='word_1_182' title='bbox 276 3031 418 3115; x_wconf 88' lang='lat' dir='ltr'>simplex</span> <span class='ocrx_word' id='word_1_183' title='bbox 441 3032 476 3095; x_wconf 89' lang='lat' dir='ltr'>et</span> <span class='ocrx_word' id='word_1_184' title='bbox 498 3028 596 3094; x_wconf 86' lang='lat' dir='ltr'>facile</span> <span class='ocrx_word' id='word_1_185' title='bbox 627 3029 888 3110; x_wconf 86' lang='lat' dir='ltr'>considerabam,</span> <span class='ocrx_word' id='word_1_186' title='bbox 919 3033 957 3095; x_wconf 87' lang='lat' dir='ltr'>ut</span> <span class='ocrx_word' id='word_1_187' title='bbox 981 3030 1067 3112; x_wconf 93' lang='lat' dir='ltr'>quod</span> <span class='ocrx_word' id='word_1_188' title='bbox 1091 3030 1154 3097; x_wconf 93' lang='lat' dir='ltr'>duo</span> <span class='ocrx_word' id='word_1_189' title='bbox 1178 3034 1213 3097; x_wconf 90' lang='lat' dir='ltr'>et</span> <span class='ocrx_word' id='word_1_190' title='bbox 1235 3031 1302 3096; x_wconf 84' lang='lat' dir='ltr'>tria</span> <span class='ocrx_word' id='word_1_191' title='bbox 1325 3031 1423 3097; x_wconf 91' lang='lat' dir='ltr'>simul</span> 
     </span>
     <span class='ocr_line' id='line_1_24' title="bbox 276 3145 1422 3228; baseline 0 -15"><span class='ocrx_word' id='word_1_192' title='bbox 276 3147 389 3213; x_wconf 85' lang='lat' dir='ltr'>iuncta</span> <span class='ocrx_word' id='word_1_193' title='bbox 412 3146 479 3211; x_wconf 85' lang='lat' dir='ltr'>sint</span> <span class='ocrx_word' id='word_1_194' title='bbox 502 3145 655 3228; x_wconf 90' lang='lat' dir='ltr'>quinque,</span> <span class='ocrx_word' id='word_1_195' title='bbox 685 3145 739 3210; x_wconf 89' lang='lat' dir='ltr'>vel</span> <span class='ocrx_word' id='word_1_196' title='bbox 762 3145 894 3226; x_wconf 92' lang='lat' dir='ltr'>similia,</span> <span class='ocrx_word' id='word_1_197' title='bbox 925 3146 1073 3228; x_wconf 92' lang='lat' dir='ltr'>nunquid</span> <span class='ocrx_word' id='word_1_198' title='bbox 1103 3146 1222 3213; x_wconf 88' lang='lat' dir='ltr'>saltem</span> <span class='ocrx_word' id='word_1_199' title='bbox 1252 3146 1309 3213; x_wconf 91' lang='lat' dir='ltr'>illa</span> <span class='ocrx_word' id='word_1_200' title='bbox 1339 3147 1422 3214; x_wconf 87' lang='lat' dir='ltr'>satis</span> 
     </span>
     <span class='ocr_line' id='line_1_25' title="bbox 275 3261 1423 3348; baseline 0 -19"><span class='ocrx_word' id='word_1_201' title='bbox 275 3263 449 3348; x_wconf 88' lang='lat' dir='ltr'>perspicue</span> <span class='ocrx_word' id='word_1_202' title='bbox 472 3261 626 3328; x_wconf 88' lang='lat' dir='ltr'>intuebar</span> <span class='ocrx_word' id='word_1_203' title='bbox 648 3264 687 3328; x_wconf 89' lang='lat' dir='ltr'>ut</span> <span class='ocrx_word' id='word_1_204' title='bbox 710 3282 792 3327; x_wconf 89' lang='lat' dir='ltr'>vera</span> <span class='ocrx_word' id='word_1_205' title='bbox 815 3283 889 3328; x_wconf 86' lang='lat' dir='ltr'>esse</span> <span class='ocrx_word' id='word_1_206' title='bbox 911 3262 1135 3329; x_wconf 78' lang='lat' dir='ltr'>affirmarem?</span> <span class='ocrx_word' id='word_1_207' title='bbox 1172 3263 1333 3346; x_wconf 79' lang='lat' dir='ltr'>Equidem</span> <span class='ocrx_word' id='word_1_208' title='bbox 1356 3285 1423 3329; x_wconf 90' lang='lat' dir='ltr'>non</span> 
     </span>
     <span class='ocr_line' id='line_1_26' title="bbox 277 3377 1421 3463; baseline 0.001 -19"><span class='ocrx_word' id='word_1_209' title='bbox 277 3379 374 3444; x_wconf 89' lang='lat' dir='ltr'>aliam</span> <span class='ocrx_word' id='word_1_210' title='bbox 404 3378 444 3445; x_wconf 94' lang='lat' dir='ltr'>ob</span> <span class='ocrx_word' id='word_1_211' title='bbox 469 3398 603 3444; x_wconf 88' lang='lat' dir='ltr'>causam</span> <span class='ocrx_word' id='word_1_212' title='bbox 634 3379 675 3444; x_wconf 94' lang='lat' dir='ltr'>de</span> <span class='ocrx_word' id='word_1_213' title='bbox 697 3377 739 3443; x_wconf 90' lang='lat' dir='ltr'>iis</span> <span class='ocrx_word' id='word_1_214' title='bbox 767 3377 987 3459; x_wconf 37' lang='lat' dir='ltr'>,dubitandum</span> <span class='ocrx_word' id='word_1_215' title='bbox 1018 3399 1092 3444; x_wconf 87' lang='lat' dir='ltr'>esse</span> <span class='ocrx_word' id='word_1_216' title='bbox 1119 3382 1238 3463; x_wconf 86' lang='lat' dir='ltr'>postea</span> <span class='ocrx_word' id='word_1_217' title='bbox 1267 3379 1421 3460; x_wconf 89' lang='lat' dir='ltr'>iudicavi,</span> 
     </span>
    </p>
   </div>
   <div class='ocr_carea' id='block_1_5' title="bbox 274 3609 1424 4218">
    <p class='ocr_par' dir='ltr' id='par_1_5' title="bbox 274 3609 1424 4128">
     <span class='ocr_line' id='line_1_27' title="bbox 384 3609 1422 3680; baseline 0 -16"><span class='ocrx_word' id='word_1_218' title='bbox 384 3611 405 3679; x_wconf 73' lang='lat'>⁵)</span> <span class='ocrx_word' id='word_1_219' title='bbox 424 3610 475 3665; x_wconf 91' lang='lat' dir='ltr'>Die</span> <span class='ocrx_word' id='word_1_220' title='bbox 492 3609 638 3665; x_wconf 86' lang='lat' dir='ltr'>Definition</span> <span class='ocrx_word' id='word_1_221' title='bbox 657 3627 711 3664; x_wconf 87' lang='lat' dir='ltr'>von</span> <span class='ocrx_word' id='word_1_222' title='bbox 732 3609 835 3676; x_wconf 81' lang='lat' dir='ltr'>,clare“</span> <span class='ocrx_word' id='word_1_223' title='bbox 854 3611 909 3664; x_wconf 93' lang='lat' dir='ltr'>und</span> <span class='ocrx_word' id='word_1_224' title='bbox 930 3610 1097 3676; x_wconf 79' lang='lat' dir='ltr'>,distincte“:</span> <span class='ocrx_word' id='word_1_225' title='bbox 1121 3610 1225 3666; x_wconf 90' lang='lat' dir='ltr'>Princ.</span> <span class='ocrx_word' id='word_1_226' title='bbox 1243 3609 1291 3680; x_wconf 91' lang='lat' dir='ltr'>ph.</span> <span class='ocrx_word' id='word_1_227' title='bbox 1304 3611 1324 3676; x_wconf 91' lang='grc' dir='ltr'>Ι,</span> <span class='ocrx_word' id='word_1_228' title='bbox 1343 3610 1359 3680; x_wconf 67' lang='grc' dir='ltr'><strong>ἓ</strong></span> <span class='ocrx_word' id='word_1_229' title='bbox 1377 3611 1422 3664; x_wconf 83' lang='grc'>45.</span> 
     </span>
     <span class='ocr_line' id='line_1_28' title="bbox 275 3699 1424 3772; baseline -0.001 -17"><span class='ocrx_word' id='word_1_230' title='bbox 275 3700 335 3756; x_wconf 89' lang='lat' dir='ltr'>Von</span> <span class='ocrx_word' id='word_1_231' title='bbox 352 3699 429 3772; x_wconf 84' lang='lat' dir='ltr'>johar</span> <span class='ocrx_word' id='word_1_232' title='bbox 446 3699 494 3755; x_wconf 85' lang='lat' dir='ltr'>hat</span> <span class='ocrx_word' id='word_1_233' title='bbox 511 3718 575 3755; x_wconf 87' lang='lat' dir='ltr'>man</span> <span class='ocrx_word' id='word_1_234' title='bbox 593 3716 681 3768; x_wconf 79' lang='lat' dir='ltr'>gagen</span> <span class='ocrx_word' id='word_1_235' title='bbox 699 3700 793 3754; x_wconf 84' lang='lat' dir='ltr'>diesen</span> <span class='ocrx_word' id='word_1_236' title='bbox 809 3700 905 3754; x_wconf 88' lang='lat' dir='ltr'>Kanon</span> <span class='ocrx_word' id='word_1_237' title='bbox 924 3701 1117 3768; x_wconf 82' lang='lat' dir='ltr'>eingewcndct,</span> <span class='ocrx_word' id='word_1_238' title='bbox 1138 3700 1202 3755; x_wconf 85' lang='lat' dir='ltr'>dees</span> <span class='ocrx_word' id='word_1_239' title='bbox 1219 3718 1248 3754; x_wconf 91' lang='lat' dir='ltr'>er</span> <span class='ocrx_word' id='word_1_240' title='bbox 1260 3700 1424 3755; x_wconf 80' lang='lat' dir='ltr'>Gewisehcit</span> 
     </span>
     <span class='ocr_line' id='line_1_29' title="bbox 275 3789 1422 3858; baseline -0.003 -12"><span class='ocrx_word' id='word_1_241' title='bbox 275 3791 330 3846; x_wconf 90' lang='lat' dir='ltr'>und</span> <span class='ocrx_word' id='word_1_242' title='bbox 338 3790 482 3845; x_wconf 88' lang='lat' dir='ltr'>Wahrheit</span> <span class='ocrx_word' id='word_1_243' title='bbox 492 3790 521 3843; x_wconf 92' lang='lat' dir='ltr'>in</span> <span class='ocrx_word' id='word_1_244' title='bbox 532 3790 718 3858; x_wconf 73' lang='lat' dir='ltr'>unaulassiger</span> <span class='ocrx_word' id='word_1_245' title='bbox 728 3790 821 3844; x_wconf 84' lang='lat' dir='ltr'>Weiae</span> <span class='ocrx_word' id='word_1_246' title='bbox 833 3789 1000 3856; x_wconf 89' lang='lat' dir='ltr'>identificire,</span> <span class='ocrx_word' id='word_1_247' title='bbox 1015 3791 1106 3844; x_wconf 83' lang='lat' dir='ltr'>feruor</span> <span class='ocrx_word' id='word_1_248' title='bbox 1120 3789 1184 3845; x_wconf 84' lang='lat' dir='ltr'>dass</span> <span class='ocrx_word' id='word_1_249' title='bbox 1196 3790 1274 3844; x_wconf 87' lang='lat' dir='ltr'>beide</span> <span class='ocrx_word' id='word_1_250' title='bbox 1287 3789 1422 3844; x_wconf 88' lang='lat' dir='ltr'>Kriterien</span> 
     </span>
     <span class='ocr_line' id='line_1_30' title="bbox 275 3871 1422 3951; baseline -0.003 -16"><span class='ocrx_word' id='word_1_251' title='bbox 275 3879 449 3951; x_wconf 84' lang='lat' dir='ltr'>subjektiv</span> <span class='ocrx_word' id='word_1_252' title='bbox 469 3880 524 3934; x_wconf 91' lang='lat' dir='ltr'>und</span> <span class='ocrx_word' id='word_1_253' title='bbox 545 3879 700 3933; x_wconf 86' lang='lat' dir='ltr'>wandelbar</span> <span class='ocrx_word' id='word_1_254' title='bbox 721 3879 804 3932; x_wconf 85' lang='lat' dir='ltr'>scien.</span> <span class='ocrx_word' id='word_1_255' title='bbox 841 3878 986 3932; x_wconf 85' lang='lat' dir='ltr'>hnmerhin</span> <span class='ocrx_word' id='word_1_256' title='bbox 1010 3879 1048 3933; x_wconf 84' lang='lat' dir='ltr'>ist</span> <span class='ocrx_word' id='word_1_257' title='bbox 1069 3897 1101 3933; x_wconf 87' lang='lat' dir='ltr'>zu</span> <span class='ocrx_word' id='word_1_258' title='bbox 1122 3879 1264 3945; x_wconf 87' lang='lat' dir='ltr'>beachten‚</span> <span class='ocrx_word' id='word_1_259' title='bbox 1290 3871 1354 3934; x_wconf 85' lang='lat' dir='ltr'>dass</span> <span class='ocrx_word' id='word_1_260' title='bbox 1380 3877 1422 3932; x_wconf 90' lang='lat' dir='ltr'>die</span> 
     </span>
     <span class='ocr_line' id='line_1_31' title="bbox 274 3967 1422 4040; baseline -0.003 -16"><span class='ocrx_word' id='word_1_261' title='bbox 274 3970 361 4040; x_wconf 85' lang='lat' dir='ltr'>Regel</span> <span class='ocrx_word' id='word_1_262' title='bbox 385 3969 472 4025; x_wconf 84' lang='lat' dir='ltr'>eelbet</span> <span class='ocrx_word' id='word_1_263' title='bbox 496 3969 655 4024; x_wconf 87' lang='lat' dir='ltr'>induktiv</span> <span class='ocrx_word' id='word_1_264' title='bbox 674 3986 723 4023; x_wconf 88' lang='lat' dir='ltr'>aus</span> <span class='ocrx_word' id='word_1_265' title='bbox 742 3969 790 4022; x_wconf 90' lang='lat' dir='ltr'>der</span> <span class='ocrx_word' id='word_1_266' title='bbox 807 3967 958 4037; x_wconf 83' lang='lat' dir='ltr'>Erfaesung</span> <span class='ocrx_word' id='word_1_267' title='bbox 977 3969 1026 4022; x_wconf 84' lang='lat' dir='ltr'>des</span> <span class='ocrx_word' id='word_1_268' title='bbox 1044 3969 1158 4036; x_wconf 80' lang='lat' dir='ltr'>eigenen</span> <span class='ocrx_word' id='word_1_269' title='bbox 1176 3968 1255 4023; x_wconf 81' lang='lat' dir='ltr'>Scine</span> <span class='ocrx_word' id='word_1_270' title='bbox 1272 3985 1422 4036; x_wconf 85' lang='lat' dir='ltr'>gewonnen</span> 
     </span>
     <span class='ocr_line' id='line_1_32' title="bbox 275 4057 1336 4128; baseline -0.004 -14"><span class='ocrx_word' id='word_1_271' title='bbox 275 4061 342 4115; x_wconf 89' lang='lat' dir='ltr'>wird</span> <span class='ocrx_word' id='word_1_272' title='bbox 360 4062 415 4115; x_wconf 91' lang='lat' dir='ltr'>und</span> <span class='ocrx_word' id='word_1_273' title='bbox 433 4061 553 4115; x_wconf 86' lang='lat' dir='ltr'>ineofern</span> <span class='ocrx_word' id='word_1_274' title='bbox 572 4058 642 4113; x_wconf 87' lang='lat' dir='ltr'>auch</span> <span class='ocrx_word' id='word_1_275' title='bbox 661 4058 740 4112; x_wconf 86' lang='lat' dir='ltr'>einen</span> <span class='ocrx_word' id='word_1_276' title='bbox 759 4057 915 4128; x_wconf 85' lang='lat' dir='ltr'>objektiven</span> <span class='ocrx_word' id='word_1_277' title='bbox 928 4057 1025 4112; x_wconf 87' lang='lat' dir='ltr'>Werth</span> <span class='ocrx_word' id='word_1_278' title='bbox 1044 4059 1249 4128; x_wconf 88' lang='lat' dir='ltr'>beanspmchen</span> <span class='ocrx_word' id='word_1_279' title='bbox 1268 4058 1336 4112; x_wconf 81' lang='lat' dir='ltr'>darf.</span> 
     </span>
    </p>

    <p class='ocr_par' dir='ltr' id='par_1_6' title="bbox 382 4147 1338 4218">
     <span class='ocr_line' id='line_1_33' title="bbox 382 4147 1338 4218; baseline -0.004 -14"><span class='ocrx_word' id='word_1_280' title='bbox 382 4151 405 4218; x_wconf 80' lang='lat'>⁶)</span> <span class='ocrx_word' id='word_1_281' title='bbox 423 4150 474 4204; x_wconf 90' lang='lat' dir='ltr'>Die</span> <span class='ocrx_word' id='word_1_282' title='bbox 492 4148 720 4218; x_wconf 79' lang='lat' dir='ltr'>Zweifclsgrtnde</span> <span class='ocrx_word' id='word_1_283' title='bbox 738 4148 767 4202; x_wconf 90' lang='lat' dir='ltr'>in</span> <span class='ocrx_word' id='word_1_284' title='bbox 785 4149 833 4204; x_wconf 91' lang='lat' dir='ltr'>der</span> <span class='ocrx_word' id='word_1_285' title='bbox 851 4152 944 4203; x_wconf 82' lang='lat' dir='ltr'>ersten</span> <span class='ocrx_word' id='word_1_286' title='bbox 962 4148 1017 4203; x_wconf 92' lang='lat' dir='ltr'>und</span> <span class='ocrx_word' id='word_1_287' title='bbox 1036 4148 1149 4202; x_wconf 87' lang='lat' dir='ltr'>zwciten</span> <span class='ocrx_word' id='word_1_288' title='bbox 1168 4147 1338 4202; x_wconf 87' lang='lat' dir='ltr'>Meditation.</span> 
     </span>
    </p>
   </div>
   <div class='ocr_carea' id='block_1_6' title="bbox 0 0 1610 4872">
    <p class='ocr_par' dir='ltr' id='par_1_7' title="bbox 0 0 1610 4872">
     <span class='ocr_line' id='line_1_34' title="bbox 0 0 1610 4872; baseline 0 0"><span class='ocrx_word' id='word_1_289' title='bbox 0 0 1610 4872; x_wconf 95' lang='lat' dir='ltr'> </span> 
     </span>
    </p>
   </div>
  </div>
 </body>
</html>
