3188 4876
248 404 291 468 48
506 397 636 468 synopsis
655 397 709 452 Sex
728 395 903 464 sequentium
922 396 1136 451 Meditatiouum.

248 596 345 678 cludi,
377 597 574 662 afferuntur:
603 616 669 660 non
693 593 780 677 quod
804 614 862 660 eas
892 594 989 660 valde
1019 594 1117 660 utiles
1148 615 1222 662 esse
1252 595 1398 681 putarim

249 712 292 778 ad
315 712 521 796 probandum
548 710 582 776 id
605 709 713 796 ipsum
744 709 831 792 quod
854 710 1007 794 probant,
1039 731 1157 795 nempe
1180 732 1301 777 revera
1324 733 1398 778 esse

249 826 391 910 aliquem
422 827 589 908 mundum,
621 830 656 892 et
685 825 838 891 homines
865 825 990 891 habere
1021 847 1169 911 corpora,
1202 830 1236 893 et
1266 826 1397 908 similia,

249 943 290 1009 de
314 942 432 1024 quibus
455 964 552 1009 nemo
575 963 721 1025 unquam
745 961 847 1007 sanae
870 940 993 1007 mentis
1017 921 1104 1009 serio
1129 942 1309 1021 dubitarim
1339 944 1397 1009 sed

249 1057 327 1141 qnia
349 1057 423 1123 illas
447 1058 688 1124 considerando
713 1057 906 1139 agnoscitur
929 1079 995 1123 non
1011 1079 1085 1124 esse
1101 1061 1172 1123 tam
1188 1060 1311 1138 firmae,
1336 1079 1397 1124 uec

248 1177 319 1239 tam
342 1173 536 1258 perspicuae
560 1193 658 1256 quam
683 1176 854 1254 semeae,
879 1191 1046 1256 perquas
1069 1173 1103 1238 in
1124 1173 1246 1239 mentis
1262 1176 1397 1239 nostrae
1437 1187 1439 1192 '

249 1291 284 1354 et
308 1288 369 1354 Dei
393 1289 616 1371 cognitionem
641 1288 850 1368 devenimus3
882 1289 964 1355 adeo
995 1292 1032 1354 ut
1062 1289 1126 1355 hae
1157 1288 1225 1355 sint
1252 1289 1397 1356 omnium

249 1403 467 1485 certissimae,
504 1408 537 1470 et
570 1403 841 1470 evidentissimae
876 1425 961 1487 quae
1000 1404 1041 1469 ab
1081 1404 1225 1470 humano
1263 1405 1397 1486 ingenio

249 1518 327 1586 seiri
350 1519 490 1603 possint.

357 1634 456 1700 Cuius
489 1634 585 1699 unius
619 1634 668 1699 rei
700 1634 930 1718 probationem
963 1635 997 1700 in
1034 1634 1087 1701 his
1126 1635 1398 1701 meditationibus

249 1749 330 1815 mihi
353 1772 413 1834 pro
437 1771 536 1835 scopo
559 1749 724 1834 proposui.
773 1750 845 1816 Nec
868 1750 990 1817 idcirco
1015 1750 1068 1816 hio
1095 1772 1254 1818 recenseo
1286 1751 1399 1836 varias

248 1863 322 1929 illas
362 1865 574 1950 quaestiones
605 1865 646 1930 de
679 1865 804 1954 quibus
832 1865 933 1931 etiam
967 1865 1000 1930 in
1033 1866 1114 1950 ipsis
1150 1887 1193 1932 ex
1224 1867 1398 1934 occasione

249 1981 424 2045 tractatur.
