3212 4872
264 395 305 459 72
693 389 834 444 Meditalio
852 389 984 445 Secunda

261 588 369 653 instar
393 587 494 667 venti,
520 587 573 652 vel
601 586 699 669 ignis,
724 587 777 653 vel
802 586 958 668 aetheris,
984 587 1070 670 quod
1098 587 1316 654 crassioribus
1345 589 1411 655 mei

262 703 412 789 pertibus
443 705 533 768 esset
563 701 777 784 infusum:¹⁰)
809 702 850 768 de
880 723 1018 786 corpore
1047 722 1126 768 vero
1150 725 1193 769 ne
1217 704 1409 769 dubitabam

262 818 452 901 quidemst)
477 818 536 883 sed
560 817 717 884 distincte
741 838 794 883 me
814 839 913 883 nosse
937 817 1127 884 arbitrabar
1150 818 1221 884 eius
1244 823 1409 900 naturam,

262 955 360 1016 quarn
385 933 413 999 si
437 933 535 1014 forte,
560 934 690 1015 qualem
715 937 826 999 mente
857 931 1094 1018 concipiebam,
1125 934 1314 1001 describere
1338 939 1411 1000 ten-

261 1053 397 1129 tassem,
430 1049 477 1114 sic
509 1049 756 1134 explicuissem:
787 1071 846 1132 per
877 1070 996 1134 corpus
1025 1049 1176 1132 intelligo
1200 1049 1280 1114 illud
1304 1072 1410 1132 omne,

262 1165 348 1247 qued
372 1168 487 1251 aptum
512 1167 564 1229 est
586 1165 694 1246 figura
717 1163 826 1246 aliqua
856 1164 1041 1245 terminari,
1072 1165 1143 1231 loco
1175 1165 1409 1247 circumscribi,

263 1281 407 1364 spatium
431 1279 479 1344 sic
503 1280 642 1365 replere,
674 1282 711 1344 ut
734 1300 777 1344 ex
801 1300 839 1345 eo
864 1279 953 1345 aliud
976 1301 1073 1346 omne
1097 1302 1215 1364 corpus
1239 1282 1409 1362 excludet;

261 1400 365 1476 tactu,
399 1394 484 1476 visu,
518 1395 643 1475 audito,
680 1397 790 1477 gustu,
823 1396 878 1460 vel
910 1394 1050 1461 odoratu
1082 1395 1218 1481 percipi,
1253 1418 1312 1464 nee
1345 1418 1411 1462 non

262 1511 388 1576 moveri
412 1510 560 1594 pluribus
588 1509 704 1589 modis,
733 1531 799 1575 non
823 1511 955 1592 quidem
979 1532 1000 1576 a
1024 1533 1061 1577 se
1084 1510 1166 1597 ipso,
1198 1511 1257 1577 sed
1281 1512 1322 1577 ab
1346 1511 1409 1578 alio

262 1627 417 1712 quopiam
448 1647 468 1691 a
498 1647 562 1708 quo
598 1628 776 1707 tangatur3
819 1647 962 1708 namque
1002 1626 1126 1693 habere
1158 1626 1225 1691 vim
1265 1627 1410 1712 seipsum

262 1742 426 1824 movendi,
464 1740 546 1808 item
585 1741 765 1821 sentiendi,
804 1742 858 1807 vel
897 1741 1066 1824 cogitandi
1105 1743 1193 1809 nullo
1231 1745 1329 1828 pacto
1368 1744 1410 1808 ad

260 1863 416 1925 naturam
440 1857 588 1942 corporis
611 1857 780 1941 pertinere
804 1856 1059 1941 iudicabam;1²)
1091 1857 1237 1940 quinimo
1266 1858 1411 1923 mirabar

261 1974 372 2058 potius
386 1975 471 2040 tales
485 1972 665 2039 facultates
679 1972 714 2036 in
729 1972 924 2055 quibusdam
942 1973 1135 2058 corporibus
1152 1973 1301 2059 reperiri.
1326 1974 1410 2053 Quid

261 2093 374 2155 autem
388 2089 500 2174 (nunc)
513 2089 569 2154 ubi
584 2109 732 2173 suppono
748 2088 958 2173 deceptorem
975 2088 1118 2170 aliquem
1131 2089 1408 2174 potentissimum,

262 2208 306 2286 et,
337 2206 366 2270 si
397 2205 450 2270 fas
481 2208 534 2270 est
564 2203 684 2284 dicere,
715 2203 907 2285 malignum,
940 2202 1019 2268 data
1050 2211 1151 2289 opera
1182 2205 1217 2268 in
1247 2203 1408 2292 omnibus,

262 2324 422 2402 quantum
454 2319 573 2404 potuit,
608 2340 660 2383 me
693 2318 913 2402 delusisse,¹³)
947 2339 1124 2402 possumne
1158 2319 1326 2386 affirmare
1357 2303 1410 2386 me

262 2436 387 2500 habere
410 2434 464 2500 vel
487 2434 658 2499 minimum
689 2433 833 2515 quidex
863 2433 905 2498 iis
936 2434 1098 2514 omnibus,
1129 2455 1214 2516 quae
1243 2435 1310 2501 iam
1341 2435 1411 2500 dixi

263 2551 305 2616 ad
335 2553 490 2616 naturam
520 2550 667 2634 eorporis
698 2549 887 2633 pertinere?
918 2549 1070 2630 attendo,
1103 2551 1229 2633 cogito,
1260 2551 1410 2632 revolvo,

262 2666 344 2733 nihil
369 2666 522 2745 occurrit,
552 2665 678 2746 fatigor
702 2665 817 2730 eadem
848 2665 975 2730 frustra
1005 2670 1168 2751 repetere.
1216 2667 1300 2745 Quid
1330 2687 1410 2733 vero

263 2781 362 2848 exiis
387 2801 471 2863 quae
488 2780 620 2845 animae
636 2779 834 2861 tribuebam,
858 2780 978 2846 nutriri
996 2781 1049 2847 vel
1065 2781 1240 2848 incedere?
1264 2782 1410 2864 quando-

263 2897 395 2979 quidem
425 2897 493 2962 iam
521 2917 639 2980 corpus
663 2895 917 2980 nonhabe0,14)
948 2896 1032 2961 haec
1063 2917 1191 2979 quoque
1222 2897 1303 2962 nihil
1334 2901 1412 2962 sunt

262 3013 326 3079 nisi
349 3015 522 3096 figmenta:
555 3011 701 3077 sentire?
731 3032 850 3095 nempe
882 3011 983 3076 etiam
1007 3012 1069 3078 hoc
1093 3034 1159 3079 non
1181 3014 1220 3078 fit
1243 3012 1315 3078 sine
1339 3034 1411 3078 cor-

262 3151 353 3215 pore,
378 3132 413 3194 et
436 3128 602 3212 permulta
625 3127 750 3193 sentire
773 3126 866 3192 visus
890 3149 962 3192 sum
986 3126 1020 3192 in
1045 3127 1170 3193 somnis
1186 3148 1271 3210 quae
1293 3127 1412 3193 deinde

263 3243 485 3311 animadverti
523 3265 576 3308 me
614 3265 681 3309 non
716 3243 929 3326 sensisse:¹⁵)
966 3242 1135 3324 cogitare?
1171 3242 1225 3307 hic
1262 3242 1410 3320 invenio;

372 3411 406 3479 ¹⁰)
424 3409 574 3473 Demokrit,
588 3409 777 3479 Hippokrates,
792 3409 902 3480 Epikur.
925 3411 960 3464 cf.
972 3409 1192 3465 Aristoteles:
1212 3410 1246 3462 de
1264 3427 1353 3478 gener.
1368 3428 1411 3465 an.

261 3498 307 3552 lib.
321 3499 346 3553 2.
361 3499 411 3552 737
426 3500 485 3554 al.

372 3587 407 3656 11)
426 3589 479 3641 Fur
499 3588 598 3652 Jenen,
627 3587 674 3640 der
701 3587 759 3641 sich
786 3605 837 3642 nur
864 3588 913 3642 auf
937 3587 979 3641 die
1001 3587 1169 3643 sinuliche
1187 3587 1412 3656 Wahrnchmung

262 3679 354 3742 sttitzt,
373 3677 411 3732 ist
428 3677 471 3730 die
491 3675 671 3731 Erkenntniss
689 3677 737 3729 der
754 3675 924 3745 Korperwelt
942 3677 1001 3730 eine
1020 3675 1163 3730 soheinbar
1180 3676 1352 3731 zweifellose.

372 3765 405 3833 ¹²)
424 3765 457 3820 D.
470 3765 547 3820 atellt
564 3764 624 3819 sich
643 3765 691 3818 der
710 3763 924 3819 scholastischen
937 3765 1023 3819 Lehre
1042 3782 1096 3818 von
1115 3765 1167 3818 den
1184 3764 1412 3820 Substanzial-

262 3854 276 3907 f
280 3871 389 3909 ermen
403 3854 502 3909 ebenso
512 3857 654 3922 entgegcn,
660 3854 711 3906 wie
722 3853 783 3906 dem
795 3853 1066 3924 Hylozoismus
1043 3854 1215 3907 emesBruno
1217 3853 1413 3923 ‚campanella

192 3989 194 3992 Α
262 3944 432 4008 Paraeelsus,
444 3943 576 3998 Nikolaou
588 3961 615 3997 v.
626 3942 698 3997 (lusa
709 3961 735 3995 u.
743 3943 776 3995 A.
804 3942 855 3995 Dic
867 3944 1024 4010 Bewegung
1043 3942 1142 4011 erfolgt
1159 3941 1236 3997 nicht
1253 3943 1302 3996 auf
1319 3941 1412 3996 Grund

263 4033 338 4086 eines
356 4033 467 4086 inneren
486 4032 632 4101 Principes,
651 4031 768 4085 sondern
787 4031 871 4086 durch
889 4031 1050 4099 Berthrung
1067 4032 1123 4085 und
1142 4037 1272 4085 tusseren
1290 4031 1375 4085 Stoss.

374 4121 408 4190 ¹³)
426 4120 539 4175 Bosheit
559 4121 613 4174 und
635 4119 876 4188 Lugenhaftiglreit
901 4121 952 4188 gilt
976 4120 1018 4176 als
1043 4119 1265 4174 unvereinbar
1289 4120 1340 4173 mit
1364 4121 1415 4174 der
