3188 4876
278 394 320 456 34
678 388 812 464 Praefatio
832 388 866 440 ud
883 387 1021 440 lectorem.

279 585 414 667 dignum
449 585 494 650 sit
528 584 694 650 obiiciant.
754 583 837 662 Quia
876 605 954 648 vero
994 583 1169 665 nequidem
1209 584 1311 649 etiam
1351 587 1426 652 aliis

279 702 424 785 spondeo
448 721 500 766 me
524 701 558 764 in
583 700 733 766 omnibus
763 699 871 783 prima
900 699 1011 765 fronte
1042 698 1125 764 satis
1154 699 1332 781 facturum,
1364 723 1426 767 neo

279 820 409 882 tantum
433 816 513 881 mihi
537 836 658 897 arrogo
682 815 720 880 ut
742 816 903 880 confidam
919 835 973 879 me
989 814 1099 880 omnia
1115 836 1212 899 posse
1228 817 1427 900 praevidere

279 953 364 1014 quae
388 932 485 997 alioui
509 931 657 997 difficilia
685 931 895 1009 videbuntur,
927 930 1033 1014 primo
1063 929 1195 1011 quidem
1225 931 1260 994 in
1283 931 1426 998 Medita-

279 1047 424 1114 tionibus
451 1047 525 1112 illas
553 1046 643 1131 ipsas
675 1045 895 1128 cogitationes
927 1066 1101 1129 exponam,
1134 1066 1273 1127 quarum
1297 1069 1358 1132 ope
1383 1048 1425 1112 ad

279 1167 404 1230 certam
443 1166 477 1228 et
514 1163 702 1239 evidentem
736 1161 959 1244 cognitionem
998 1160 1152 1228 veritatis
1190 1161 1271 1226 mihi
1309 1163 1427 1228 videor

279 1279 482 1363 pervenisse,
506 1283 544 1344 ut
568 1279 723 1363 experiar
746 1299 789 1343 an
812 1277 900 1343 forte
930 1277 1048 1342 iisdem
1078 1277 1274 1358 rationibus
1308 1278 1428 1360 quibus

279 1415 341 1477 ego
365 1415 544 1479 persuasus
568 1417 650 1474 sum,
675 1393 758 1460 alios
781 1393 883 1458 etiam
905 1393 1029 1478 possim
1053 1395 1264 1478 persuadere.
1304 1395 1427 1460 Postea

280 1532 359 1576 vero
383 1510 588 1595 respondebo
613 1511 656 1575 ad
679 1509 882 1575 obiectiones
905 1509 1052 1574 virorum
1083 1510 1210 1592 aliquot
1233 1510 1366 1592 ingenio
1391 1513 1427 1575 et

280 1627 431 1693 doctrina
455 1625 698 1706 excellentium,
723 1625 764 1690 ad
789 1646 871 1707 quos
889 1625 957 1690 hae
975 1625 1222 1707 MeditationeS,
1247 1630 1426 1708 autequam

280 1743 370 1826 typis
394 1742 642 1822 mandarentur,
674 1741 915 1806 examinandae
945 1740 1067 1806 missae
1092 1744 1178 1806 sunt.
1226 1741 1315 1807 Satis
1338 1740 1426 1806 enim

279 1858 384 1923 multa
412 1860 447 1922 et
469 1857 563 1922 varia
587 1858 628 1922 ab
652 1857 717 1922 illis
747 1857 882 1922 fuerunt
913 1856 1052 1937 obiecta,
1084 1859 1122 1922 ut
1152 1856 1258 1921 ausim
1291 1876 1427 1940 sperare

280 1996 345 2039 non
375 1973 473 2038 facile
507 1973 682 2055 quiequam
712 1972 796 2052 aliis,
828 1973 946 2038 saltem
977 1971 1115 2037 alieuius
1146 1971 1314 2052 momenti,
1344 1993 1427 2036 ven-

279 2093 390 2155 turum
414 2089 447 2154 in
471 2092 627 2169 mentem,
653 2089 739 2170 quod
763 2088 785 2152 ii
810 2088 954 2154 nondum
971 2087 1161 2169 attigerint:
1185 2088 1328 2169 Ideoque
1344 2107 1427 2168 rogo

280 2203 392 2284 etiam,
418 2207 517 2286 atque
542 2204 643 2269 etiam
668 2204 819 2284 lectores,
844 2207 881 2268 ut
905 2225 970 2269 non
989 2202 1081 2287 prius
1097 2203 1138 2267 de
1153 2202 1427 2268 Meditationibus

280 2319 436 2385 iudicium
452 2319 574 2400 ferant,
596 2340 693 2402 quam
711 2319 914 2385 obiectioues
929 2319 1023 2398 istas,
1049 2337 1227 2400 earumque
1245 2318 1427 2384 solutiones

281 2456 395 2500 omnes
419 2436 591 2519 perlegere
615 2434 743 2517 dignati
768 2435 875 2518 sinus)

280 2562 359 2568 .-—-
369 2564 535 2568 ..—-.——-
540 2563 768 2568 -..-....-.--.-...
772 2561 1425 2569 w*

390 2614 411 2679 ⁸)
430 2613 485 2666 Der
496 2612 611 2679 Erfolg
630 2613 678 2666 der
690 2611 870 2682 Objektionen
888 2630 944 2666 war
956 2611 1040 2666 sehon
1056 2629 1089 2665 zu
1101 2611 1143 2665 D.’
1156 2611 1299 2665 Lebzeiten
1318 2609 1381 2662 kein
1395 2626 1427 2663 so

280 2702 471 2765 bedentender,
485 2701 526 2775 als
538 2701 768 2756 ihrVeranlasser
786 2700 889 2768 gehofft
906 2701 990 2756 hatte.
1013 2701 1074 2766 („Je
1093 2718 1173 2770 seray
1190 2699 1253 2754 bien
1271 2699 1328 2753 aisa
1346 2699 1426 2765 qu'on

280 2807 324 2843 me
343 2792 417 2844 fasse
436 2791 462 2844 le
481 2789 542 2859 plus
562 2788 737 2860 d’objeotions
755 2791 778 2844 du
796 2789 839 2843 les
857 2789 918 2858 plue
936 2790 1022 2843 fortes
1034 2790 1115 2856 qu’on
1133 2805 1237 2857 pourra
1257 2806 1302 2842 aar
1312 2787 1429 2857 j'espere

281 2897 333 2948 que
352 2880 380 2933 la
396 2879 482 2934 verite
502 2897 535 2933 en
553 2881 672 2948 paraitra
691 2879 813 2933 d'autant
830 2879 946 2932 mieux.“
978 2879 1020 2932 28.
1034 2877 1135 2931 Januar
1155 2877 1230 2941 1641,
1255 2876 1376 2944 Gorresp.
1388 2875 1428 2927 Ill

279 2987 305 3038 p.
320 2968 392 3036 297.)
429 2969 614 3024 Sensualisten
633 2967 689 3022 und
711 2968 875 3036 Empiristen
900 2968 999 3036 gingen
1024 2984 1078 3021 von
1103 2967 1191 3019 einem
1216 2982 1284 3032 ganz
1310 2965 1427 3018 anderen
