3212 4872
274 401 336 465 122
717 395 857 450 Meditatio
876 395 974 450 Tertia.

272 593 417 660 maxime
440 612 531 673 vera,
563 595 598 658 et
627 590 772 658 maxime
801 592 891 658 clara
915 596 950 659 et
973 592 1189 678 distincte.⁶⁷)
1236 595 1301 661 Sed
1332 595 1421 664 forte

272 710 379 776 maius
410 708 532 791 aliquid
562 729 635 772 sum
671 727 769 789 quam
800 707 872 791 ipse
904 707 1099 790 intelligam,
1133 730 1313 791 omnesque
1343 711 1420 778 illae

272 824 495 912 perfectiones
523 844 605 906 quas
628 825 698 890 Deo
721 823 832 890 tribuo
855 823 1005 907 potentie
1031 824 1270 906 quodammodo
1301 825 1336 890 iu
1366 849 1419 893 me

272 944 359 1022 suut,
399 939 531 1006 etiamsi
569 939 713 1006 nondum
756 960 830 1005 sese
869 942 1041 1018 exserant,
1081 961 1188 1022 neque
1227 941 1270 1006 ad
1308 945 1419 1008 actum

271 1057 488 1135 reducantur;
512 1055 667 1140 experior
691 1054 778 1120 euim
802 1055 868 1121 iam
892 1055 1114 1138 cognitionem
1135 1076 1243 1121 meam
1259 1058 1419 1141 paulatim

273 1172 403 1255 augeri;
427 1193 489 1238 nec
510 1171 609 1237 video
633 1170 710 1252 quid
735 1171 846 1236 obstet
869 1171 1043 1253 quominus
1065 1170 1114 1236 ita
1138 1172 1246 1254 magis
1262 1175 1297 1238 et
1313 1173 1420 1256 magis

272 1290 437 1371 augeatur
465 1287 499 1351 in
529 1285 704 1366 infinitum,
735 1307 797 1352 uec
825 1286 927 1351 etiem
955 1307 1013 1351 cur
1038 1287 1227 1368 cognitione
1250 1287 1298 1353 sic
1322 1292 1420 1355 aucta

272 1426 339 1469 non
376 1402 500 1487 possim
542 1402 613 1467 eius
656 1423 717 1486 ope
756 1401 902 1484 reliquas
945 1423 1059 1467 omnes
1097 1402 1159 1468 Dei
1197 1403 1420 1487 perfectiones

274 1518 426 1604 adipisoi;
461 1539 523 1584 nec
556 1517 697 1599 denique
730 1538 788 1582 cur
822 1516 973 1601 potentia
1007 1517 1050 1582 ed
1081 1517 1165 1583 istas
1197 1518 1419 1602 perfectiones

273 1635 302 1701 si
324 1635 391 1700 iam
419 1633 452 1698 iu
476 1655 530 1700 me
561 1636 623 1714 est,
655 1654 720 1698 non
751 1631 897 1698 sufficiat
927 1632 969 1698 ad
1000 1632 1130 1698 illarum
1160 1633 1268 1699 ideam
1299 1634 1419 1718 produ·
1501 1721 1503 1725 Ι

272 1751 470 1832 condemna
520 1750 589 1815 Imo
620 1749 701 1813 nihil
732 1749 849 1815 horum
880 1770 954 1814 esse
984 1753 1106 1833 potest,
1138 1770 1214 1815 uam
1246 1749 1352 1834 primo
1383 1755 1420 1817 ut

273 1887 387 1932 vorum
420 1866 463 1931 sit
493 1863 717 1947 coguitionem
747 1884 855 1929 meam
887 1864 1054 1946 gradatim
1088 1864 1214 1946 augeri,
1248 1868 1283 1930 et
1315 1865 1420 1931 multa

272 1983 306 2048 in
331 2003 383 2048 me
407 2003 480 2047 esse
504 1979 655 2065 potentie
678 2000 763 2061 quae
794 1982 870 2044 actu
901 1981 1045 2045 noudum
1077 1985 1164 2061 sunt,
1195 1980 1278 2046 nihil
1307 1984 1420 2047 tamen

273 2099 389 2163 horum
420 2096 462 2162 ed
490 2096 599 2161 ideam
622 2095 685 2161 Dei
713 2094 870 2179 pertinet,
894 2093 929 2160 in
953 2101 1018 2177 qua
1040 2116 1159 2180 nempe
1182 2094 1265 2160 nihil
1288 2096 1419 2162 omniuo

273 2217 326 2279 est
360 2211 552 2297 potentiale,
588 2231 730 2293 namque
762 2210 824 2276 hoc
856 2210 964 2295 ipsum
999 2211 1166 2293 gradatim
1199 2211 1315 2294 augeri
1348 2233 1420 2278 oer-

273 2328 438 2395 tissimum
462 2330 514 2392 est
530 2326 791 2411 imperfectionis
808 2330 1050 2409 argumentum.
1091 2328 1272 2394 Praeterea
1289 2328 1419 2394 etiamsi

273 2444 419 2527 cognitio
443 2464 516 2508 mea
541 2463 672 2527 semper
695 2443 802 2524 magis
826 2446 861 2508 et
884 2443 992 2525 magis
1010 2447 1184 2526 augeatur,
1208 2442 1420 2510 nihilominus

271 2559 423 2642 intelligo
455 2579 623 2641 nunquam
655 2558 745 2622 illam
775 2558 897 2624 idcirco
927 2558 1000 2625 fore
1031 2562 1109 2624 actu
1138 2559 1311 2640 infinitam,
1343 2559 1420 2641 quia

273 2696 439 2757 nunquam
471 2695 510 2740 eo
541 2673 746 2754 devenietur,
777 2676 815 2739 ut
844 2673 980 2740 maioris
1004 2673 1112 2740 adhuc
1134 2674 1331 2740 incrementi
1354 2697 1420 2741 nou

274 2791 319 2857 sit
342 2811 458 2875 caparr.
504 2791 612 2855 Deum
642 2793 755 2856 autem
784 2791 834 2856 ita
861 2789 969 2857 iudico
998 2810 1072 2856 esse
1096 2793 1173 2856 actu
1196 2789 1360 2855 infinitum
1383 2793 1421 2856 ut

273 2907 354 2973 nihil
379 2906 450 2972 eius
478 2905 676 2990 perfectioni
706 2906 783 2972 addi
813 2907 977 2991 possit.⁶⁹)
1023 2905 1073 2971 Ac
1104 2905 1244 2988 denique
1273 2906 1420 2990 percipio

273 3044 348 3089 esse
383 3021 582 3089 obieetivum
618 3021 713 3088 ideae
748 3043 813 3088 non
848 3043 868 3088 a
903 3023 972 3089 solo
1008 3043 1082 3088 esse
1116 3021 1300 3106 potentiali,
1333 3021 1420 3105 quod

273 3138 406 3224 proprie
428 3137 591 3221 loquendo
615 3136 697 3202 nihil
721 3140 783 3217 est,
807 3137 866 3202 sed
888 3137 1117 3203 tautummodo
1133 3137 1174 3202 ab
1191 3137 1324 3218 actuali,
1349 3137 1420 3203 sive

381 3334 416 3398 ⁸⁷)
439 3332 530 3385 Wenn
553 3332 603 3385 das
625 3332 725 3401 positiv
745 3330 913 3386 Unendliche
935 3348 998 3385 vom
1019 3331 1168 3386 Endlicheu
1193 3332 1296 3387 nicht
1321 3333 1421 3401 erfesst

273 3421 380 3475 werden
393 3420 476 3486 kann,
494 3438 526 3474 so
545 3421 607 3474 darf
622 3421 664 3474 die
678 3419 835 3476 Gottesidee
853 3421 929 3476 nicht
946 3421 988 3476 als
1003 3420 1137 3486 ,maxime
1150 3421 1222 3475 clare
1235 3424 1264 3476 et
1276 3421 1417 3476 distincte“

273 3509 431 3565 bezeichnet
448 3510 565 3563 werden.

381 3597 417 3667 ⁰⁸)
435 3598 486 3652 Die
499 3598 678 3665 Anwendung
693 3597 741 3651 der
752 3597 967 3652 scholastischen
980 3597 1184 3666 Terminologie,
1201 3598 1350 3667 ,potential
1366 3598 1420 3651 und

274 3691 377 3754 ectus“,
400 3688 444 3755 iet,
464 3687 526 3742 weil
545 3686 604 3741 sich
622 3688 655 3741 D.
674 3705 728 3741 von
752 3687 805 3741 den
826 3688 980 3758 ,opiniones
997 3689 1120 3742 veteres¹⁴
1142 3687 1282 3755 longesagt
1304 3685 1360 3751 hat,
1383 3685 1421 3739 im

274 3778 383 3832 Grande
401 3793 562 3845 genommen
581 3776 657 3831 nicht
674 3779 815 3846 geatettet.

372 3868 416 3934 ⁴⁹)
435 3866 500 3920 Dies
512 3866 550 3921 ist
563 3866 610 3920 der
622 3865 832 3920 entaoheidende
843 3865 942 3931 Punkt,
956 3866 999 3918 die
1012 3865 1254 3935 anthropomorphe
1264 3863 1422 3919 Gottesidee

272 3955 358 4010 bleibt
368 3955 411 4009 als
420 3955 558 4026 Hyperbel
571 3955 630 4010 eine
644 3955 775 4022 endliche,
786 3955 952 4024 wenigatens
962 3955 1000 4008 im
1009 3955 1125 4009 Denken
1136 3955 1233 4008 immor
1241 3953 1311 4007 noch
1324 3953 1422 4021 staigo-

272 4043 455 4112 nmgsmhige.
469 4044 527 4098 Nur
539 4043 588 4098 dae
597 4046 723 4114 positiv
732 4043 940 4099 Unendliche
956 4044 1084 4099 schlieset
1095 4043 1165 4099 auch
1177 4042 1330 4111 hegrifflich
1339 4041 1423 4113 jeden

273 4130 1421 4202 ZuwaohseuVollkommenheitaus,istaberebeudesswegenfflrunsunerfassbar.
