3186 4870
694 392 844 462 Appendix.
1278 397 1343 461 243

195 591 340 656 iectivae
370 589 494 655 habere
527 589 626 655 debet
658 589 795 655 realiter
827 589 1043 669 existentem3
1077 610 1175 672 quam
1208 609 1341 655 causam

196 705 380 771 iudicamus
404 726 477 770 esse
501 703 609 789 ipsum
633 705 770 785 coelum,
795 705 900 770 etsie
924 705 964 770 de
988 705 1140 771 caeteris.

303 829 359 896 VI.
386 829 469 895 Sunt
493 829 616 894 diversi
640 829 763 910 gradis
787 829 962 910 realitatis‚
988 829 1060 895 sive
1077 828 1240 910 entitatis,
1265 849 1342 894 nam

196 944 387 1010 substantia
408 944 483 1029 plus
505 944 608 1010 habet
631 944 806 1024 rectitatis,
838 947 936 1026 quam
960 945 1114 1010 accidens
1137 944 1191 1010 vel
1215 944 1342 1024 modus,

197 1064 233 1126 et
260 1059 449 1125 substantia
476 1059 607 1125 infinita
637 1063 735 1142 quam
765 1059 873 1134 finita;
904 1059 1044 1142 ideoque
1069 1061 1168 1127 etiam
1193 1061 1266 1145 plus
1290 1063 1343 1125 est

196 1175 361 1242 realitatis
384 1174 570 1241 obiectivae
598 1175 632 1240 in
660 1175 735 1240 idea
766 1175 984 1257 substantiae,
1017 1179 1115 1259 quam
1146 1175 1342 1253 accidentis;

195 1296 232 1358 et
254 1291 289 1356 in
311 1290 388 1356 idea
411 1277 619 1357 substantiae
642 1290 802 1371 infinitae,
827 1293 926 1373 quam
950 1291 984 1356 in
1006 1291 1083 1357 idea
1105 1292 1229 1357 finitae.

303 1415 375 1482 VII.
400 1415 461 1480 Rei
485 1414 665 1497 cogitantis
682 1415 836 1481 voluntas
854 1415 972 1497 fertur,
996 1415 1183 1482 voluntarie
1199 1415 1341 1498 quidem,

195 1534 233 1596 et
255 1529 358 1595 libere
383 1528 459 1611 (hoc
483 1529 570 1595 enirn
595 1533 647 1596 est
671 1531 711 1596 de
736 1531 883 1596 essentia
905 1530 1113 1615 voluntatis),
1143 1531 1201 1596 sed
1224 1530 1342 1596 nihilo-

196 1645 307 1711 minus
329 1644 549 1711 infallibiliter
571 1645 605 1711 in
629 1647 749 1712 bonum
781 1647 844 1712 sibi
875 1647 963 1712 clare
993 1646 1173 1732 cognitum,
1204 1645 1342 1728 ideoque

111 1751 113 1754 ⁵
195 1760 226 1826 ei
261 1759 350 1826 norit
384 1759 511 1842 aliquas
547 1761 770 1845 perfectiones
804 1762 923 1844 quibus
962 1765 1086 1843 careat,
1126 1761 1188 1826 sibi
1227 1761 1342 1827 statim

194 1876 288 1960 ipsas
312 1875 413 1957 dabit,
438 1875 466 1940 si
490 1875 615 1941 sintin
638 1896 699 1941 sua
721 1879 898 1961 potestate.

304 2000 391 2066 VIII.
425 2001 517 2079 Quod
549 2003 662 2085 potest
692 2001 825 2066 efficere
855 2000 889 2066 id
921 2000 1007 2083 quod
1037 1999 1144 2065 maius
1175 2002 1237 2080 est,
1270 1998 1342 2064 sive

195 2114 372 2197 difficilius,
396 2119 509 2201 potest
531 2116 633 2182 etiam
656 2115 790 2181 efficere
813 2115 846 2181 id
870 2115 957 2198 quod
980 2115 1098 2181 minus.

303 2240 358 2306 IX.
398 2240 506 2306 Maius
541 2243 594 2306 est
627 2261 753 2321 creare,
790 2240 843 2306 vel
882 2261 1080 2307 conservare
1119 2231 1341 2304 substantiam

195 2357 295 2438 quam
319 2355 492 2437 attributa,
523 2355 596 2422 sive
626 2357 849 2441 proprietates
880 2356 1103 2435 substantiam
1134 2377 1199 2420 non
1231 2357 1348 2420 autem

198 2472 305 2537 maine
328 2475 381 2538 est
400 2471 630 2554 memoresne,
655 2476 752 2554 quam
770 2493 979 2554 conservare,
1003 2475 1041 2538 ut
1056 2471 1122 2537 iam
1139 2471 1263 2538 dictum
1280 2473 1342 2536 est.

305 2595 344 2660 X.
376 2595 415 2660 In
442 2596 548 2662 omnis
578 2596 627 2662 rei
651 2596 736 2678 idea,
765 2597 836 2662 sive
865 2600 1026 2681 conceptu
1054 2595 1243 2663 continetur
1272 2593 1343 2660 exi·
1435 2651 1437 2656 .

196 2707 332 2791 stentia,
368 2709 446 2791 quia
479 2710 561 2775 nihil
596 2733 771 2795 possumus
808 2713 981 2796 concipere
1016 2712 1080 2777 nisi
1118 2711 1178 2776 sub
1212 2711 1349 2776 ratione·

196 2824 389 2904 existentis3
432 2846 550 2910 nempe
593 2825 781 2892 continetur
826 2826 1007 2893 existentia
1049 2826 1226 2911 possibilis,
1271 2825 1342 2890 sive

195 2940 393 3024 contingens
424 2940 459 3006 in
492 2945 653 3026 conceptu
686 2941 735 3007 rei
767 2941 947 3020 limitatam
982 2941 1042 3008 sed
1073 2940 1273 3029 necessaria,
1308 2945 1343 3006 et

196 3056 348 3140 perfecta
369 3055 404 3122 in
428 3060 588 3140 conceptu
612 3056 699 3122 entis
723 3077 850 3122 summe
873 3056 1024 3141 perfecti.

605 3258 877 3328 PROPOSITIO
900 3260 930 3327 Ι.

196 3386 258 3450 Dei
282 3387 445 3452 existentia
469 3408 505 3451 ee
528 3387 596 3453 solit
620 3389 686 3452 eine
708 3394 844 3452 notnroe
868 3387 1116 3452 consideratione
1136 3388 1339 3472 oopnosoitnr.

625 3525 910 3582 DEMONSTRATIO.

302 3640 394 3706 ldem
422 3646 475 3708 est
502 3642 612 3710 dicere
642 3643 766 3726 aliquid
795 3642 830 3708 in
859 3643 909 3709 rei
940 3641 1077 3709 alicuius
1108 3646 1238 3724 natura,
1269 3643 1340 3709 sive

195 3759 357 3839 conceptu
381 3756 554 3838 contineri,
579 3779 618 3823 ac
642 3758 752 3824 dicere
775 3758 917 3842 idipsum
942 3759 982 3824 de
1007 3779 1047 3824 ea
1070 3780 1107 3824 re
1131 3779 1205 3824 esse
1223 3779 1339 3824 verum

195 3869 269 3954 (per
297 3869 362 3936 def.
384 3869 439 3954 9.),
470 3872 562 3955 atqui
593 3873 775 3939 existentia
804 3873 994 3948 necessaria
1022 3873 1057 3938 in
1086 3873 1149 3939 Dei
1180 3878 1339 3959 conceptu

195 3984 385 4052 continetur
417 3991 487 4070 (per
519 3986 673 4071 ax.10.),
706 4009 786 4070 ergo
821 4009 936 4054 verum
968 3992 1021 4055 est
1054 3990 1095 4055 de
1127 3991 1197 4056 Deo
1231 3990 1340 4056 dicere

194 4101 417 4167 necessariam
446 4103 660 4170 existentiam
691 4104 725 4169 in
757 4125 795 4169 eo
826 4125 910 4185 esse,
942 4104 1014 4170 sive
1043 4105 1151 4190 ipsum
1182 4106 1337 4173 existere.

1127 4211 1178 4266 16*
