3188 4876
266 389 306 452 18
415 365 416 370 ¹
660 383 737 437 Brief
754 400 789 436 an
807 383 849 436 die
868 382 1013 437 Serbonne.

263 581 433 661 timerent,
457 601 518 646 nec
538 579 637 646 aliam
652 579 758 646 vitam
774 582 1024 663 exspectarent:
1049 579 1094 645 Et
1110 578 1262 660 quamvis
1278 579 1410 645 omnino

265 717 381 763 verum
412 695 465 775 eit,
500 694 561 761 Dei
594 695 807 761 existentiam
842 695 1041 761 credendam
1074 715 1158 776 esse,
1192 694 1346 776 quoniam
1377 695 1411 759 in

265 813 369 878 sacris
402 810 576 895 scripturis
610 811 757 890 docetur,
787 813 822 875 et
853 809 924 876 viee
955 831 1054 876 versa
1085 809 1267 876 credendas
1298 831 1411 876 sacras

264 927 462 1011 scripturas,
498 925 652 1007 quoniam
687 925 852 990 habentur
887 946 908 990 a
939 926 1025 992 Deo:
1064 925 1142 1007 quia
1180 947 1298 1011 nempe
1337 947 1411 991 oum

264 1043 347 1108 fides
371 1042 416 1107 sit
439 1042 560 1107 donum
583 1040 656 1121 Dei,
686 1041 741 1105 ille
769 1039 857 1105 idem
885 1040 939 1122 qui
968 1040 1194 1122 deigratiam
1219 1041 1262 1106 ed
1284 1042 1412 1124 reliqua

265 1158 441 1238 credenda,
471 1160 583 1242 potest
615 1156 716 1222 etiam
740 1157 829 1236 dare,
861 1159 898 1220 ut
920 1155 1029 1240 ipsum
1053 1156 1199 1222 existere
1223 1156 1410 1222 credamus:

265 1274 341 1339 Non
373 1277 486 1339 tamen
516 1273 579 1338 hoc
609 1272 795 1337 infidelibus
825 1263 962 1356 proponi
993 1275 1115 1356 potest,
1146 1271 1224 1353 quia
1254 1272 1411 1337 circulum
1513 1351 1514 1359 ἵ

266 1409 339 1453 esse
369 1387 565 1454 iudicarent.
618 1388 663 1453 Et
693 1387 825 1469 quidem
858 1387 1090 1468 animadverti,
1124 1407 1189 1453 non
1222 1388 1318 1452 modo
1352 1409 1411 1453 vos

266 1525 389 1584 omnes,
415 1503 562 1586 aliosque
586 1503 772 1585 Theologos
796 1502 964 1568 affirmare
988 1503 1050 1568 Dei
1075 1503 1290 1569 existentiam
1314 1507 1411 1569 natu-

265 1620 327 1685 rali
359 1619 488 1686 ratione
523 1640 621 1703 posse
656 1618 840 1702 probari;4)
874 1618 934 1685 sed
969 1621 1003 1684 et
1038 1639 1080 1684 ex
1115 1639 1212 1684 sacra
1246 1618 1412 1701 scriptura

264 1735 396 1816 inferri,
432 1735 503 1800 eius
537 1733 760 1816 cognitionem
795 1733 922 1814 multis,
959 1754 1044 1815 quae
1081 1734 1121 1800 de
1155 1734 1255 1800 rebus
1290 1733 1412 1799 creatis

265 1851 431 1917 habentur
461 1871 535 1916 esse
565 1849 759 1930 faciliorem,
791 1852 891 1932 atque
922 1849 1054 1916 omnino
1079 1861 1152 1915 ess‘e
1176 1852 1246 1916 tam
1269 1849 1410 1928 facilem,

265 1970 303 2032 ut
326 1967 382 2048 qui
405 1966 494 2031 illam
519 1988 584 2032 non
608 1966 734 2032 habent
757 1964 824 2030 sint
848 1965 1016 2049 culpandi:
1040 1965 1140 2030 Patet
1163 1964 1250 2030 enim
1275 1965 1350 2049 Sap.
1372 1967 1411 2030 13

266 2103 309 2146 ex
333 2081 385 2146 his
408 2081 534 2147 verbis:
567 2082 650 2164 „Nec
677 2083 726 2146 ln'e
750 2082 835 2146 debet
858 2083 985 2166 iqnosn',
1000 2083 1042 2145 ei
1066 2083 1147 2145 enlm
1171 2089 1295 2145 tontum·
1318 2088 1412 2165 potn-

266 2205 357 2262 erunt
386 2199 474 2280 scire,
506 2205 541 2261 nl
566 2204 695 2283 possent
726 2197 894 2260 aestimare
923 2197 1096 2278 saeculnm,
1133 2196 1286 2281 qntornodo
1318 2197 1413 2260 hori-na

266 2314 430 2376 dorminnac
462 2334 526 2376 non
562 2312 692 2394 facilins
728 2310 955 2376 innenernnt?“
1012 2311 1057 2376 at
1090 2311 1132 2375 ad
1151 2310 1258 2376 Rom.
1290 2330 1361 2393 cap.
1386 2309 1410 2374 Ι.

266 2427 386 2492 dicitur
409 2425 482 2491 illos
506 2446 580 2492 esse
606 2425 882 2508 ,inexcusabilee“.
930 2425 1040 2508 Atque
1070 2425 1192 2490 ibidem
1223 2425 1324 2490 etiam
1353 2415 1413 2509 ner

265 2543 348 2607 haec
371 2541 489 2607 verba:
522 2543 636 2624 ,Quod
662 2550 770 2607 notnn
795 2549 838 2606 cst
860 2543 932 2623 Dei,
962 2542 1168 2624 manifestum
1192 2549 1235 2606 eal
1259 2545 1293 2606 in
1316 2539 1410 2624 tund

266 2657 417 2722 videmur
449 2656 620 2722 admoneri
653 2677 693 2722 ea
723 2655 833 2722 omnia
866 2676 950 2738 quae
982 2657 1022 2721 de
1053 2657 1122 2722 Deo
1155 2655 1232 2721 sciri
1263 2659 1412 2740 possunt,

266 2771 450 2838 rationibus
485 2793 551 2838 non
586 2771 718 2837 aliunde
752 2771 868 2855 petitis
903 2792 1002 2853 quam
1031 2771 1080 2836 ab
1117 2771 1261 2856 ipsamet
1299 2775 1414 2837 nostra

266 2890 378 2952 mente
408 2909 505 2972 posse
530 2887 669 2954 ostendi.
717 2887 810 2965 Quod
840 2886 963 2952 idcirco
994 2887 1156 2968 quomodo
1186 2887 1254 2967 fiat,
1285 2889 1320 2952 et
1350 2907 1415 2969 qua

266 3002 322 3067 via
346 3002 426 3068 deus
450 3002 581 3068 facilius
605 3006 640 3068 et
663 3002 797 3084 certine,
829 3023 929 3085 quam
954 3023 1008 3068 res
1037 3001 1159 3067 saeculi
1184 3005 1413 3084 cognoscatur,

267 3139 333 3182 non
355 3117 472 3202 putavi
495 3139 515 3183 a
538 3140 591 3183 me
616 3139 689 3184 esse
718 3118 861 3184 alienum
889 3117 1066 3199 inquirere.
1114 3115 1224 3198 Atque
1254 3120 1414 3198 quantum

267 3232 310 3296 ed
334 3233 488 3314 animam,
513 3234 577 3298 etsi
602 3233 696 3299 multi
720 3233 791 3299 eius
814 3237 968 3299 naturam
993 3254 1059 3297 non
1086 3231 1184 3296 facile
1214 3231 1413 3313 investigari

268 3368 365 3431 posse
389 3347 577 3428 iudicarint,
602 3351 637 3413 et
660 3347 806 3413 nonnulli
830 3347 931 3414 etiam
957 3346 1067 3412 dicere
1088 3347 1160 3412 ausi
1180 3347 1248 3411 sint
1268 3347 1415 3412 rationes

268 3463 430 3528 humanas
454 3464 656 3546 persuadere
679 3462 769 3527 illam
794 3463 889 3528 simul
910 3485 984 3529 cum
1002 3483 1139 3546 corpore
1155 3461 1303 3541 interire,
1329 3461 1415 3527 sola-

269 3599 332 3660 que
366 3578 430 3642 lide
463 3577 666 3643 contrarium
698 3577 821 3658 teneri;
856 3578 939 3655 Quia
973 3581 1086 3644 tamen
1121 3577 1182 3642 hos
1217 3577 1416 3642 condemnat

269 3692 447 3758 Concilium
472 3693 699 3759 Lateranense
728 3693 788 3757 sub
817 3693 927 3758 Leone
950 3696 990 3759 10
1016 3693 1177 3773 habitum,
1209 3691 1362 3758 Sessione
1384 3693 1414 3770 8,

376 3843 399 3910 ⁴)
417 3843 473 3896 Der
491 3842 550 3896 hier
568 3842 610 3896 als
628 3841 734 3896 blosses
753 3841 989 3910 Theologumenon
1008 3843 1096 3896 citirte
1116 3843 1190 3897 Sata:
1213 3841 1279 3907 ,Dei
1298 3799 1415 3894 oximen

165 3943 166 3946 ’
267 3931 335 3985 tiam
354 3930 471 3985 naturali
488 3931 591 3986 ratione
608 3949 688 4001 posse
707 3931 828 4001 probari“
844 3931 939 3999 gehtrt
951 3931 1004 3985 seit
1017 3931 1078 3984 dem
1090 3929 1172 3984 Jahre
1188 3931 1256 3985 1870
1274 3927 1415 3983 innerhalb

269 4021 317 4074 der
336 4019 525 4074 katholischen
543 4020 643 4076 Kirche
663 4038 695 4074 zu
714 4021 766 4074 den
789 4019 1102 4075 Glaubenswahrheiten.
1134 4018 1278 4074 Vatican.
1292 4019 1364 4074 Sese.
1377 4016 1416 4070 ΙΙΙ

269 4109 303 4162 de
321 4108 496 4164 revelatione.
