3212 4872
273 391 314 454 58
719 383 859 438 Meditatio
877 383 975 437 Prima.

273 584 440 662 extensi03
473 583 553 648 item
587 583 694 664 figura
724 601 833 646 rerum
865 583 1095 660 extensarum
1126 581 1207 647 item
1239 581 1420 663 quantitas,

273 699 344 765 sive
369 698 559 765 earumdem
587 697 791 780 magnitudo,
821 700 856 761 et
879 717 1052 775 numerum
1079 697 1161 763 item
1184 697 1275 763 locus
1296 697 1333 764 in
1357 720 1422 780 quo

275 815 433 891 existant,
450 816 646 897 tempusque
662 834 722 897 per
737 811 825 895 quod
842 811 971 892 durent,
991 816 1026 878 et
1042 811 1172 879 similia.
1213 814 1422 898 Quapropter

274 952 316 996 ex
339 930 391 995 his
415 930 529 996 forsan
552 950 618 994 non
649 928 734 994 male
765 927 1007 1008 concludemus
1038 928 1226 1013 Physicam,
1257 929 1420 996 Astrono·

274 1046 384 1126 miam,
408 1044 617 1124 Medicinam,
642 1043 898 1129 disciplinasque
922 1044 1005 1110 alias
1022 1066 1146 1127 omnes,
1172 1067 1256 1128 quae
1273 1067 1420 1112 ararum

274 1161 530 1246 compositarum
574 1159 839 1226 consideratione
881 1160 1083 1244 dependent,
1128 1162 1245 1228 dubias
1287 1163 1419 1246 quidem

274 1278 414 1360 esse319)
440 1275 532 1358 atqui
548 1275 814 1356 Arithmeticam,
840 1275 1063 1342 Geometriam
1080 1278 1228 1360 aliasque
1249 1278 1419 1358 eiusmodi,

274 1413 358 1475 quae
382 1391 513 1459 nonnisi
538 1392 577 1457 de
601 1390 853 1475 simplicissimis
878 1395 912 1457 et
932 1392 1077 1459 maxime
1094 1394 1305 1476 generalibus
1320 1396 1420 1461 rebus

274 1511 432 1588 tractant,
466 1511 566 1590 atque
597 1510 708 1572 utrum
740 1528 799 1573 eae
830 1507 898 1573 sint
925 1508 964 1584 in
994 1529 1105 1574 rerum
1136 1513 1257 1576 natura
1286 1532 1347 1577 nec
1377 1533 1420 1576 ne

273 1630 400 1708 parum'
414 1626 543 1702 curant,
568 1622 691 1704 aliquid
714 1624 798 1688 certi
820 1626 920 1706 atque
936 1625 1115 1691 indubitati
1132 1627 1317 1692 continere:
1342 1647 1419 1692 nam

273 1739 345 1804 sive
368 1738 515 1821 vigilem,
547 1738 618 1803 sive
646 1738 817 1819 dormiam,
851 1740 913 1806 duo
938 1745 973 1806 et
995 1741 1062 1820 tria
1086 1742 1183 1807 simul
1206 1741 1319 1808 iuncta
1342 1745 1422 1806 sunt

273 1854 427 1936 quinque,
438 1854 701 1936 quadratumque
717 1875 783 1919 non
799 1855 894 1939 plura
910 1857 1013 1923 habet
1027 1858 1136 1924 latera
1152 1879 1250 1941 quam
1263 1857 1420 1940 quatuor;

273 1991 334 2036 nec
357 1967 429 2034 fieri
452 1990 550 2053 posse
573 1969 706 2034 videtur
729 1973 860 2036 uttam
883 1973 1078 2058 perspicuae
1102 1974 1265 2040 veritates
1289 1973 1323 2038 in
1347 1995 1420 2037 sus-

273 2087 435 2170 picionem
460 2085 619 2151 falsitatis
643 2084 823 2151 incurrant.
870 2087 1111 2156 Verumtamen
1130 2089 1233 2155 infixa
1257 2089 1417 2172 quaedam

274 2205 326 2267 est
361 2223 455 2268 meae
488 2200 592 2266 menti
627 2204 724 2266 vetus
760 2201 869 2285 opinio
902 2205 1007 2270 Deum
1047 2206 1172 2290 essem)
1214 2205 1270 2288 qui
1308 2208 1422 2289 potest

273 2317 393 2397 omnia,
428 2320 463 2383 et
492 2337 512 2380 a
544 2337 608 2398 quo
641 2316 718 2380 talis
754 2318 860 2398 qualis
893 2323 1001 2389 existo
1034 2345 1106 2388 sum
1146 2324 1293 2388 creatus:
1332 2322 1420 2386 unde

272 2436 385 2498 autem
424 2431 492 2498 scio
530 2431 620 2496 illum
660 2453 726 2498 non
758 2432 878 2503 fecisse
910 2443 948 2504 ut
980 2439 1069 2505 nulla
1100 2440 1198 2524 plane
1235 2437 1279 2504 sit
1312 2441 1418 2512 terra,

272 2547 395 2613 nullum
419 2547 556 2628 coelum,
580 2546 670 2612 nulla
693 2568 748 2613 res
772 2551 923 2627 extensa,
951 2547 1042 2613 nulla
1064 2548 1182 2629 figura,
1213 2545 1303 2612 nulla
1325 2565 1420 2626 mag-

272 2663 397 2743 nitudo,
422 2663 530 2728 nullus
553 2663 654 2744 locus,
679 2667 713 2730 et
736 2667 851 2730 tamen
874 2662 957 2728 haec
981 2662 1091 2728 omnia
1109 2684 1175 2728 non
1199 2662 1297 2728 aliter
1320 2679 1419 2744 quam

273 2800 360 2844 nunc
383 2777 463 2843 mihi
487 2779 664 2845 videantur
688 2778 906 2863 existerel21)
931 2778 996 2844 imo
1020 2778 1122 2844 etiam
1144 2777 1418 2860 quemadmodum

273 2893 380 2960 iudico
403 2894 570 2960 interdum
594 2895 677 2961 alios
700 2916 813 2961 errare
838 2895 926 2960 circa
948 2914 998 2974 ea,
1023 2914 1107 2975 quae
1123 2915 1160 2960 se
1175 2892 1420 2977 perfectissime

273 3009 358 3075 scire
382 3010 597 3091 arbitrantur,
621 3011 670 3077 ita
694 3031 756 3094 ego
780 3015 818 3076 ut
840 3011 938 3076 fallar
962 3009 1092 3092 quoties
1109 3009 1172 3075 duo
1189 3012 1223 3074 et
1240 3009 1307 3076 tria
1323 3008 1419 3074 simul

274 3125 368 3205 addo,
393 3128 446 3191 vel
470 3148 606 3193 numero
630 3127 785 3208 quadrati
808 3127 926 3207 latera,
950 3126 1005 3192 vel
1028 3125 1056 3191 si
1080 3125 1158 3207 quid
1177 3124 1265 3189 aliud
1289 3124 1419 3189 facilius

273 3240 353 3322 fingi
377 3244 509 3324 potest?
554 3239 601 3307 At
623 3242 711 3308 forte
742 3241 848 3308 uoluit
870 3242 961 3307 Deus
990 3242 1039 3307 ita
1066 3263 1119 3306 me
1151 3239 1267 3324 decipi,
1300 3239 1419 3304 dicitur

274 3355 361 3421 enim
393 3376 519 3420 summe
549 3356 667 3434 bonus;
702 3358 760 3422 sed
792 3357 820 3422 si
850 3357 912 3422 hoc
943 3357 1013 3422 eius
1043 3356 1185 3421 bonitati
1216 3359 1421 3440 repugnaret

274 3471 375 3537 talem
399 3492 452 3536 me
475 3493 618 3551 creasse,
642 3475 680 3537 ut
703 3493 834 3556 semper
858 3472 965 3552 fallar,
994 3472 1035 3537 ab
1060 3471 1176 3537 eadem
1200 3469 1302 3537 etiam
1327 3470 1420 3535 vide-

274 3591 367 3654 retur
401 3609 474 3653 esse
510 3588 652 3654 alienum
685 3587 880 3672 permittere
913 3592 950 3654 ut
986 3588 1152 3653 interdum
1185 3586 1297 3666 fallam
1334 3585 1420 3667 quod

383 3748 417 3816 ¹⁹)
436 3746 486 3801 Die
499 3747 615 3802 Ansicht
626 3747 753 3810 Platos,
773 3747 843 3801 noch
855 3747 974 3801 welcher
991 3747 1060 3801 alles
1078 3748 1136 3801 rein
1155 3745 1287 3801 sinnliche
1301 3745 1420 3807 Wissen,

274 3836 336 3890 weil
361 3837 423 3890 dem
442 3836 560 3890 Werdcn
585 3837 791 3907 entsprechend,
820 3836 885 3891 uber
910 3837 963 3890 den
988 3835 1233 3904 Gewissheitsgred
1259 3835 1306 3888 der
1331 3831 1421 3890 πίστις

208 3975 209 3978 ,
273 3926 349 3980 nicht
366 3925 578 3981 hinauslrommt.

381 4016 416 4083 ²⁰)
434 4015 486 4070 Die
507 4015 664 4070 Gottcsidee
687 4015 755 4068 wird
780 4013 840 4068 hier
860 4032 911 4068 nur
931 4013 1199 4068 versuchsweise
1224 4013 1266 4066 als
1293 4013 1352 4066 eine
1374 4013 1424 4065 auf

274 4102 429 4158 Unterricht
446 4102 599 4158 beruhende
618 4103 842 4172 Ucberliefemng
859 4103 1027 4172 zugelassen.
