3204 4874
270 373 331 438 192
712 367 852 438 Meditalio
871 368 963 424 Sexta.

267 566 408 651 Nempe,
447 564 590 649 exempli
629 572 739 645 eausa,
782 568 855 658 cium
894 565 1097 649 triangulum
1135 564 1310 648 imaginor,
1349 589 1416 632 non

268 684 398 747 tantum
427 681 577 763 intelligo
607 680 687 745 illud
718 701 792 746 esse
821 681 962 763 figuram
996 679 1103 746 tribus
1137 680 1232 746 lineis
1266 702 1416 767 compre-

268 797 416 878 hensam,
441 795 500 862 sed
523 795 621 862 simul
649 796 750 862 etiam
777 796 862 861 istas
892 799 963 862 tres
992 796 1098 862 lineas
1128 800 1288 879 tanquam
1318 820 1416 883 prae-

268 916 380 979 sentes
389 910 415 995 ⁵)
440 911 511 977 acie
534 912 657 977 mentis
680 911 821 993 intueor,
847 915 947 994 atque
971 911 1033 978 hoc
1057 913 1215 995 estquod
1237 913 1414 996 imaginari

269 1028 407 1113 appello.
464 1027 498 1093 Si
531 1049 611 1093 vero
647 1028 687 1094 de
720 1027 906 1110 chiliogono
938 1029 1038 1094 velim
1070 1029 1230 1112 cogitare,
1264 1030 1414 1113 equidem

268 1165 372 1226 aeque
405 1144 489 1210 bene
521 1143 671 1226 intelligo
701 1144 780 1209 illud
811 1165 885 1209 esse
915 1145 1057 1226 figuram
1087 1148 1296 1211 constantem
1326 1145 1414 1211 mille

266 1259 439 1340 lateribus,
469 1280 508 1325 ac
531 1259 681 1341 intelligo
709 1259 912 1342 triangulum
937 1281 1011 1326 esse
1034 1261 1175 1343 figuram
1206 1264 1412 1328 constantem

267 1374 384 1456 tribus,
420 1375 479 1440 sed
512 1395 578 1440 non
611 1375 726 1440 eodem
760 1375 856 1440 modo
888 1374 946 1440 illa
979 1375 1067 1441 mille
1099 1375 1208 1442 latera
1239 1376 1413 1459 imaginor,

268 1490 340 1556 sive
363 1492 522 1571 tanquam
532 1489 557 1574 6)
581 1490 772 1574 praesentia
795 1490 941 1569 intueor3
966 1494 1001 1556 et
1017 1491 1168 1574 quamvis
1184 1494 1264 1557 tunc
1279 1496 1415 1577 propter

269 1604 540 1671 consuetudinem
576 1604 699 1688 aliquid
734 1627 865 1690 semper
899 1606 1105 1689 imaginandi
1139 1606 1268 1690 quoties
1304 1609 1344 1672 de
1377 1629 1414 1674 re

267 1727 427 1806 corporea
457 1719 577 1802 cogito,
608 1721 749 1802 figuram
781 1721 870 1787 forte
903 1721 1048 1805 aliquam
1081 1722 1217 1788 confuse
1249 1721 1330 1787 mihi
1361 1744 1414 1788 re·

267 1840 488 1923 praesentem,
517 1839 612 1921 patet
634 1840 748 1902 tamen
771 1836 861 1902 illam
886 1859 951 1902 non
975 1858 1049 1903 esse
1073 1837 1304 1920 chiliogonum,
1337 1837 1414 1920 quia

266 1954 356 2018 nulla
384 1953 419 2019 in
448 1974 485 2018 re
516 1956 569 2018 est
599 1952 732 2017 diversa
762 1952 804 2017 ob
833 1959 875 2018 ea
905 1973 1003 2035 quam
1034 1952 1115 2017 mihi
1146 1953 1247 2019 etiam
1279 1974 1414 2038 reprae-

265 2074 434 2137 sentarem
465 2067 493 2133 si
524 2068 564 2134 de
595 2068 790 2152 myriogono
822 2068 930 2134 aliave
965 2068 1083 2151 quavis
1119 2070 1227 2151 figura
1257 2069 1413 2154 plurimo-

266 2208 339 2251 rum
369 2186 511 2251 laterum
542 2184 739 2266 cogitarem;
771 2205 832 2249 nec
863 2184 1038 2267 quicquam
1068 2183 1162 2251 iuvat
1187 2184 1229 2250 ad
1254 2205 1312 2250 eas
1336 2206 1413 2269 pro-

266 2301 443 2385 prietates,
479 2299 597 2382 quibus
630 2299 851 2382 chiliogonum
884 2300 926 2365 ab
959 2299 1033 2366 aliis
1065 2299 1239 2385 polygonis
1270 2299 1411 2380 differet,

267 2416 504 2498 agnoscendas.
1337 2418 1345 2432 '

373 2531 407 2596 Si
436 2552 516 2597 vero
549 2531 590 2597 de
619 2534 808 2614 pentagono
841 2532 992 2614 quaestio
1025 2531 1080 2614 sit,
1112 2553 1246 2616 possum
1279 2531 1412 2614 quidem

267 2645 339 2712 eius‘
369 2646 509 2728 figuram
542 2645 739 2728 intelligere,
776 2647 862 2712 sicut
893 2648 1035 2730 figuram
1068 2647 1255 2732 chiliogoni,
1288 2647 1414 2729 absque

266 2782 328 2846 ope
359 2760 624 2844 imaginationis3
660 2762 719 2826 sed
751 2783 884 2846 possum
918 2763 1020 2828 etiam
1052 2763 1229 2845 imaginari
1263 2763 1413 2844 eandem,

266 2875 461 2961 applicando
494 2876 622 2942 scilieet
655 2877 759 2942 aciem
789 2877 911 2944 mentis
944 2877 986 2943 ad
1017 2877 1088 2944 eius
1121 2879 1264 2962 quinque
1294 2879 1413 2960 latera,

266 2991 427 3075 simulque
451 2992 494 3057 ad
518 3013 632 3058 aream
654 2992 696 3058 iis
718 2996 925 3072 contentam;
950 2996 984 3058 et
999 2994 1177 3060 manifeste
1193 2994 1247 3060 hic
1263 2994 1413 3059 animad-

266 3111 361 3175 verto
385 3107 466 3173 mihi
490 3109 648 3193 peculiari
678 3110 820 3192 quadam
846 3109 952 3174 animi
983 3109 1195 3176 contentione
1225 3131 1307 3195 opus
1338 3131 1414 3176 esse

266 3224 308 3288 ad
331 3223 630 3309 imaginandum;⁷)
662 3232 727 3308 qua
758 3247 823 3292 non
853 3229 929 3292 utor
959 3226 1002 3291 ad
1029 3226 1294 3308 intelligendum:
1327 3247 1413 3309 quae

266 3359 354 3404 nova
377 3339 478 3404 animi
503 3340 672 3406 contentio
703 3341 923 3408 differentiam
952 3341 1042 3408 inter
1064 3341 1346 3424 imaginationem,
1378 3345 1414 3408 et

266 3453 524 3520 intellectionem
554 3476 671 3540 puram
699 3457 787 3522 clare
812 3457 966 3523 ostendit.
974 3456 999 3540 ⁸)
1045 3455 1097 3522 Aa
1127 3456 1210 3523 haec
1240 3457 1412 3524 considero

267 3568 366 3635 istam
391 3569 458 3633 vim
485 3570 690 3654 imaginandi
718 3592 802 3655 quae
832 3572 867 3637 in
896 3593 949 3638 me
980 3573 1041 3653 est,
1072 3575 1170 3656 prout
1201 3572 1311 3639 differt
1334 3592 1354 3637 a
1378 3573 1412 3637 vi

374 3817 396 3888 ὅ)
414 3817 464 3871 Die
483 3817 654 3886 impression,
672 3816 776 3872 welche
796 3817 839 3870 die
857 3817 973 3885 geistige
985 3817 1162 3886 Vorstellung
1180 3818 1293 3873 ausltst.

309 3935 311 3938 ’
374 3917 395 3985 ⁶)
413 3915 465 3969 Die
483 3914 653 3968 materiellen
672 3914 775 3984 Spureu
795 3914 869 3969 eines
887 3915 1097 3970 Tausendeclres
1114 3915 1224 3970 ktnnen
1242 3915 1301 3970 sich
1319 3915 1347 3969 in
1365 3917 1415 3971 der

265 4005 410 4060 bildlichen
422 4002 597 4071 Vorstellung
615 4021 666 4057 nur
684 4020 837 4058 verworren
854 4003 1051 4073 reprcduciren.

373 4100 394 4169 ⁷)
413 4102 450 4156 Es
467 4101 566 4156 bedarf
581 4118 642 4154 zum
660 4101 808 4156 bildlichen
819 4101 975 4156 Vorstellen
994 4103 1077 4169 eines,
1097 4119 1175 4156 wenn
1193 4101 1263 4158 auch
1281 4102 1413 4171 gelingen
