3204 4874
272 382 334 446 162
710 379 851 435 Meditatio
870 379 979 446 Quarta.

270 575 415 642 omnium
439 574 628 660 praecipua,
653 578 688 641 et
708 575 852 642 maxime
875 576 1036 660 perfecta,
1061 599 1100 644 ac
1123 582 1301 663 practerea
1317 581 1419 648 etiam

270 695 308 758 ut
331 713 397 758 non
419 689 544 776 poesim
573 691 615 756 ab
640 681 807 757 erroribus
837 690 1006 757 abstinere
1036 691 1139 777 priori
1162 693 1217 761 illo
1241 697 1338 763 modo
1363 698 1419 780 qui

270 807 393 890 pendet
421 807 463 872 ab
487 805 633 872 evidenti
665 827 778 874 eorum
809 807 953 872 omnium
983 809 1197 893 perceptione
1229 811 1270 877 de
1300 812 1419 895 quibus

271 925 323 987 est
346 922 604 1004 deliberandum,
636 943 769 1006 possum
800 925 914 988 tamen
941 921 996 988 illo
1020 923 1126 991 altero
1149 925 1205 1007 qui
1228 926 1353 1010 pendet
1376 928 1419 993 ab

271 1060 309 1104 eo
333 1041 464 1105 tanturn
488 1038 575 1120 quod
598 1038 753 1104 recorder
773 1039 904 1121 quoties
925 1039 966 1105 de
981 1040 1030 1105 rei
1046 1039 1192 1106 veritate
1215 1062 1281 1107 non
1304 1042 1418 1126 liquet,

271 1175 291 1219 a
313 1154 434 1220 iudicio
457 1154 595 1220 ferendo
624 1174 698 1219 esse
729 1154 977 1235 abstinendum3
1008 1176 1086 1221 nam
1110 1157 1262 1238 quamvis
1286 1178 1359 1223 eam
1383 1157 1418 1224 in

271 1292 323 1336 me
345 1270 572 1336 infirmitatem
598 1290 673 1335 ease
700 1270 855 1354 experiar
885 1273 923 1336 ut
952 1293 1018 1339 non
1048 1271 1172 1356 possim
1202 1293 1333 1358 semper
1361 1274 1417 1339 uni

271 1389 305 1452 et
321 1385 428 1452 eidem
452 1385 633 1468 cognitioni
650 1385 777 1451 defixus
795 1385 981 1468 inhaerere,
1005 1408 1140 1471 possum
1156 1390 1271 1453 tamen
1286 1391 1420 1455 attenta

271 1505 305 1567 et
328 1501 461 1586 saepius
484 1501 608 1567 iterata
634 1501 852 1567 meditatione
880 1502 1013 1569 efficere
1036 1505 1075 1568 ut
1098 1503 1256 1585 eiusdem,
1287 1504 1420 1586 quoties

271 1638 349 1683 usus
384 1617 507 1700 exiget,
540 1617 706 1698 recorder,
739 1620 840 1699 atque
872 1617 922 1683 ita
956 1617 1107 1684 habitum
1142 1619 1316 1701 quemdam
1351 1641 1417 1686 non

271 1733 403 1798 errandi
435 1733 672 1816 acquiram246)
706 1733 829 1816 quain
852 1755 889 1799 re
913 1737 987 1799 oum
1011 1734 1157 1800 maxima
1181 1738 1216 1800 et
1238 1735 1419 1820 praecipua

270 1848 412 1914 hominis
442 1848 604 1933 perfectio
629 1848 802 1930 consistat,
832 1871 898 1916 non
928 1870 1046 1934 parum
1076 1871 1129 1916 me
1159 1850 1319 1917 hodierne
1349 1872 1421 1918 me-

271 1963 432 2031 ditatione
455 1965 619 2030 lueratum
644 1984 718 2030 esse
743 1963 908 2047 existimo,
943 1966 1030 2047 quod
1054 1965 1177 2033 erroris
1200 1969 1235 2033 et
1258 1963 1420 2033 falsitatis

271 2099 406 2145 caueam
428 2079 675 2161 investigarim:
707 2083 742 2146 et
766 2101 846 2146 eane
870 2082 960 2146 nulla
988 2081 1053 2147 alia
1077 2103 1151 2148 esse
1174 2086 1287 2167 potest
1310 2084 1352 2149 ab
1376 2104 1418 2148 ea

270 2217 368 2279 quam
393 2196 545 2279 explicui,
574 2217 651 2261 nam
675 2196 805 2278 quoties
829 2197 1036 2263 voluntatem
1058 2197 1093 2263 in
1116 2197 1247 2264 iudiciis
1270 2198 1417 2264 ferendis

270 2313 318 2378 ita
350 2310 503 2377 contineo
534 2314 572 2377 ut
601 2311 644 2376 ad
674 2332 714 2377 ea
743 2314 875 2378 tantum
905 2334 942 2379 ee
966 2314 1127 2380 extendat
1148 2335 1233 2397 quae
1256 2314 1302 2379 illi
1327 2315 1416 2380 clare

271 2430 305 2494 et
329 2427 485 2493 distincte
508 2428 550 2492 ab
574 2427 745 2493 intellectu
769 2429 978 2510 exhibentur,
998 2429 1071 2495 fieri
1094 2429 1192 2514 plane
1216 2451 1282 2496 non
1304 2433 1418 2514 potest

270 2546 307 2609 ut
331 2541 497 2626 errem‚4⁷)
528 2543 605 2625 quia
634 2542 741 2608 omnis
771 2545 861 2610 clara
891 2547 927 2610 et
957 2544 1115 2612 distincta
1142 2544 1312 2630 perceptio
1340 2566 1418 2630 pro·

270 2658 422 2726 culdubio
452 2661 504 2723 est
534 2658 670 2740 aliquid,
702 2679 741 2725 ac
770 2659 908 2744 proinde
938 2681 959 2725 a
982 2659 1084 2726 nihilo
1108 2682 1183 2726 esee
1207 2682 1271 2726 non
1294 2663 1418 2745 potest,

270 2775 329 2841 sed
352 2773 541 2841 necessario
562 2775 679 2855 Deum,
703 2773 879 2840 authorem
899 2776 1011 2856 habet,
1035 2777 1142 2841 Deum
1165 2776 1301 2858 inquam
1325 2774 1416 2840 illum

270 2912 397 2957 summe
424 2891 621 2976 perfeetum,
652 2912 750 2973 quem
780 2891 933 2957 fallacem
962 2911 1036 2957 esse
1060 2894 1243 2976 repugnat:
1277 2890 1418 2972 ideoque

268 3005 481 3092 proculdubio
520 3009 573 3072 est
610 3007 750 3092 vera.4⁸)
805 3008 877 3074 Nec
908 3005 1009 3072 hodie
1042 3009 1172 3071 tantum
1207 3005 1305 3072 didici
1339 3005 1417 3089 quid

269 3121 349 3187 mihi
384 3121 430 3188 eit
462 3122 645 3187 cavendum
677 3125 715 3188 ut
746 3143 915 3206 nunquam
945 3121 1058 3201 fallar,
1093 3121 1152 3186 sed
1184 3120 1281 3186 simul
1315 3121 1418 3187 etiam

269 3238 347 3320 quid
371 3236 536 3320 agendum
560 3240 598 3302 ut
621 3257 781 3319 assequar
804 3238 997 3318 veritatem3
1027 3248 1186 3320 assequar
1215 3237 1303 3302 enim
1326 3237 1416 3302 illam

375 3403 412 3473 ⁴⁶)
431 3404 482 3458 Ein
500 3404 648 3472 derartiger
667 3403 804 3471 „habitue“
828 3411 898 3460 wtre
921 3405 1102 3461 thaletchlich
1123 3404 1167 3460 ein
1185 3404 1294 3460 habitus
1313 3404 1417 3474 soporis

268 3497 297 3549 et
314 3493 445 3564 pigritiae.

375 3583 412 3651 Η)
430 3582 463 3637 D.
477 3583 664 3652 widerepricht
683 3582 742 3637 hier
763 3584 851 3638 aeiner
873 3584 1011 3652 eigenen
1027 3583 1256 3649 Willenatheorie‚
1275 3583 1366 3636 indem
1388 3600 1419 3636 er

267 3677 336 3728 trotz
349 3673 397 3727 der
405 3671 566 3738 Vorechrilt‚
579 3672 638 3727 sich
651 3672 699 3727 dee
712 3672 833 3728 Urtheila
846 3673 912 3728 dher
923 3673 1000 3728 nicht
1011 3672 1072 3727 klar
1084 3673 1141 3726 und
1152 3671 1272 3727 deutlich
1284 3671 1418 3726 erhannte

268 3763 356 3831 Dinge
374 3781 406 3816 zu
426 3761 574 3829 enthalten,
594 3761 716 3817 dennoch
734 3762 848 3816 urtheilt
866 3762 921 3816 und
940 3762 1006 3816 liber
1024 3761 1066 3815 die
1079 3760 1200 3816 Ursache
1219 3762 1268 3815 dee
1286 3759 1420 3815 Inthume

267 3852 295 3906 in
308 3850 427 3905 hrthum
439 3850 558 3905 verfllllt.
582 3850 649 3905 Eine
662 3850 946 3919 Urtheileenthaltmg
962 3849 1060 3905 beruht
1076 3849 1152 3905 nicht
1169 3850 1218 3904 auf
1232 3851 1295 3905 dem
1306 3848 1418 3904 bloseen

267 3933 567 4005 Willeneentschlusae,
587 3940 703 3994 sondern
722 3941 770 3994 auf
787 3940 835 3993 der
850 3939 981 4004 Eineicht,
1000 3940 1065 3993 dese
1084 3956 1114 3994 ee
1132 3938 1202 3993 noch
1219 3937 1296 3993 nicht
1313 3955 1349 3992 an
1368 3937 1419 3991 der

268 4029 324 4082 Zeit
341 4029 390 4094 eei,
410 4029 454 4083 ein
465 4026 572 4083 Urtheil
590 4027 753 4096 abzugeben,
772 4028 800 4081 in
819 4028 867 4082 der
882 4027 940 4094 „vie
951 4027 1147 4096 intelligendi“,
1165 4026 1241 4083 nicht
1254 4027 1282 4080 in
1294 4027 1342 4080 der
1359 4026 1421 4092 „vis

268 4116 410 4186 eligendi“.
