3186 4870
268 389 333 452 220
714 382 855 436 Meditatio
874 382 965 437 Sexta.

268 583 383 664 potum
406 582 517 645 sumat
540 600 583 644 ex
607 600 670 661 quo
693 579 828 645 morbus
852 581 1025 661 augeatur,
1056 599 1155 660 quam
1186 582 1260 644 cum
1290 579 1414 644 nullum

268 696 336 761 tale
359 695 393 760 in
418 715 456 760 eo
480 693 598 759 vitium
622 697 684 775 est,
711 714 731 759 a
754 693 853 759 simili
875 693 1021 759 faucium
1045 693 1196 760 siccitate
1219 695 1346 760 moveri
1371 694 1414 760 ad

268 815 382 896 potum
406 809 468 875 sibi
492 809 607 875 utilem
630 810 873 875 assumendum.

375 927 420 992 Et
458 924 610 1008 quamvis
648 924 830 1010 respiciens
865 925 907 990 ad
941 927 1218 1009 praeconceptum
1252 925 1415 1008 horologii

269 1063 364 1108 usum
388 1042 498 1107 dicere
521 1039 645 1125 possim
669 1040 758 1120 illud,
783 1043 856 1105 oum
884 1039 985 1105 horas
1012 1061 1078 1105 non
1108 1042 1200 1106 recte
1229 1039 1364 1122 indicat,
1394 1061 1415 1106 a

269 1161 389 1223 natura
432 1164 492 1222 sua
536 1157 727 1237 deflectere,
771 1159 871 1238 atque
910 1156 1024 1221 eodem
1066 1154 1162 1221 modo
1201 1155 1415 1222 considerans

269 1272 572 1338 machinamentum
602 1271 736 1336 humani
768 1271 915 1356 corporis
938 1273 1097 1352 tanquam
1121 1274 1348 1356 comparatum
1372 1271 1414 1337 ad

270 1390 379 1453 motus
406 1387 462 1469 qui
491 1387 526 1452 in
556 1409 594 1453 eo
624 1386 696 1452 fieri
726 1387 844 1468 solent,
875 1389 989 1470 putem
1016 1386 1097 1451 illud
1125 1387 1226 1452 etiam
1250 1407 1271 1451 a
1295 1390 1416 1452 natura

270 1509 331 1569 sua
360 1503 526 1583 aberrare,
560 1502 588 1568 si
623 1501 694 1568 eius
726 1502 841 1568 fauces
874 1501 941 1567 sint
975 1502 1099 1583 aridae,
1134 1506 1207 1568 clun
1241 1505 1341 1586 potus
1372 1503 1416 1568 ad

269 1618 373 1703 ipsius
397 1618 683 1684 conservationem
700 1641 765 1685 non
780 1619 931 1703 prodest;
956 1618 1039 1684 satis
1055 1621 1169 1684 tamen
1184 1617 1416 1684 animadverto

269 1734 355 1800 hanc
370 1734 521 1799 ultimam
536 1736 678 1800 naturae
695 1733 922 1818 acceptionem
938 1734 980 1799 ab
997 1734 1104 1799 altera
1114 1734 1255 1799 multum
1268 1733 1417 1813 differre;

269 1849 353 1914 haec
377 1849 463 1914 enim
487 1848 568 1914 nihil
599 1849 688 1916 aliud
716 1854 769 1916 est
797 1871 896 1933 quam
921 1849 1144 1916 denominatio
1168 1870 1188 1914 a
1212 1849 1417 1931 cogitatione

270 1971 344 2029 mea
375 1964 541 2030 hominem
574 1969 758 2049 aegrotum,
793 1969 827 2032 et
858 1965 1065 2048 horologium
1097 1964 1183 2030 male
1215 1963 1416 2030 fabricatum

270 2101 343 2145 cum
366 2080 442 2146 idea
464 2079 607 2147 hominis
630 2081 713 2163 sani,
738 2086 773 2148 et
795 2081 956 2164 horologii
979 2085 1072 2147 reete
1095 2079 1177 2146 facti
1200 2083 1416 2164 comparante

270 2197 469 2279 dependens,
493 2197 657 2279 rebusque
682 2198 722 2263 de
742 2197 860 2280 quibus
876 2197 997 2263 dicitur
1013 2196 1217 2274 ext1inseca3
1241 2216 1301 2279 per
1324 2194 1416 2260 illam

269 2331 349 2376 vero
379 2311 499 2393 aliquid
528 2311 678 2395 intelligo
709 2313 795 2395 quod
824 2333 944 2378 revera
973 2312 1008 2376 in
1037 2312 1137 2378 rebus
1168 2310 1344 2395 reperitur,
1376 2331 1417 2376 ao

269 2426 407 2510 proinde
430 2427 579 2493 nonnihil
601 2426 705 2493 habet
727 2427 941 2511 veritatum)

376 2540 422 2606 At
463 2544 554 2607 certe
597 2541 728 2608 etiamsi
768 2543 976 2626 respiciendo
1017 2542 1060 2608 ad
1103 2562 1223 2625 corpus
1265 2541 1417 2625 hydrope

269 2655 435 2738 laborans„
469 2656 513 2722 sit
545 2659 676 2723 tantum
710 2656 932 2723 denominatio
965 2657 1156 2724 extrinseca
1187 2659 1261 2722 clun
1295 2657 1417 2722 dieitur

271 2771 341 2838 eius
365 2775 486 2839 natura
510 2794 584 2838 esse
609 2776 774 2856 corrupta,
799 2794 842 2839 ex
865 2793 904 2838 eo
921 2773 1007 2854 quod
1023 2771 1135 2838 aridas
1150 2772 1274 2838 haheat
1290 2772 1414 2852 fauces,

270 2909 331 2953 nec
354 2890 468 2981 tamen
498 2891 597 2969 egeat
619 2891 714 2972 potu;
744 2887 953 2972 respiciendo
982 2890 1095 2953 tamen
1124 2888 1167 2954 ad
1198 2888 1416 2972 compositum

270 3002 342 3068 sive
365 3002 408 3067 ad
430 3006 576 3068 mentem
600 3001 659 3069 tali
684 3003 813 3087 corpori
836 3003 974 3085 unitam,
999 3024 1064 3070 non
1086 3006 1139 3069 est
1161 3023 1246 3087 pura
1269 3002 1417 3069 denomi-

270 3118 372 3198 natim
405 3118 464 3183 sed
494 3139 594 3184 verus
625 3139 718 3185 error
748 3120 940 3203 naturae⁷⁸J
971 3120 1058 3202 quod
1089 3119 1183 3186 sitiat
1213 3123 1287 3185 clun
1317 3123 1416 3204 potus

270 3237 323 3299 est
352 3233 416 3318 ipsi
446 3233 630 3312 nociturus;
663 3234 802 3317 ideoque
825 3234 879 3300 hic
909 3239 1060 3301 remanet
1090 3234 1320 3317 inquirendum
1351 3256 1416 3316 quo

269 3351 368 3432 pacto
406 3349 538 3414 bonitas
576 3349 638 3414 Dei
677 3371 742 3415 non
779 3349 954 3433 impediat,
998 3350 1171 3432 quominus
1209 3353 1330 3416 natura
1368 3350 1416 3415 sic

270 3466 404 3548 sumpta
427 3463 472 3528 sit
494 3464 657 3548 faltonae)

376 3579 505 3663 Nempe
526 3579 688 3663 imprimis
703 3580 757 3645 hic
773 3579 912 3647 adverto
929 3601 1085 3662 magnam
1104 3602 1178 3647 esse
1195 3580 1418 3648 differentiam

378 3755 412 3824 ⁷²)
431 3757 464 3811 D.
477 3756 680 3812 untersoheidet
698 3757 792 3811 soharf
808 3756 943 3812 zwischen
962 3757 1010 3811 der
1028 3763 1157 3812 ausaeren
1170 3757 1419 3826 Zwechbeziehung

269 3846 323 3899 und
343 3845 390 3898 der
408 3862 491 3900 causa
509 3845 640 3901 efficiens.
674 3846 731 3901 Nur
750 3847 792 3900 die
810 3847 924 3901 letztere
941 3846 1005 3900 salit
1022 3847 1073 3900 mit
1091 3848 1153 3901 dem
1165 3846 1269 3901 Wesen
1287 3847 1352 3900 oder
1370 3847 1420 3902 der

268 3933 354 3988 Natur
373 3934 447 3989 eines
465 3935 591 4004 Ktrpers,
611 3935 652 3989 sei
670 3952 700 3990 es
719 3935 778 3989 eine
797 3935 855 3989 Uhr
873 3936 938 3990 oder
956 3935 999 3989 ein
1017 3935 1139 4000 Mensoh,
1158 3953 1322 3991 zusammen.

378 4023 412 4091 ⁷³)
438 4041 534 4088 „verus
560 4025 657 4089 ermr‘,
682 4024 745 4078 weil
770 4023 813 4077 die
839 4022 922 4079 durch
946 4025 998 4078 den
1021 4023 1176 4079 Naturtrieb
1199 4023 1421 4093 herbeigefllhrte

268 4111 415 4181 Handlung
432 4130 480 4166 zur
497 4114 659 4181 Zersthrung
675 4112 759 4168 ftlhrt.
