3204 4874
274 398 335 460 152
460 439 463 444 .
710 393 850 447 Meditatio
869 393 978 459 Quarta.

270 589 419 674 telligam
450 590 660 675 perfectiora,
694 591 765 656 sivo
796 590 923 657 maiora
957 590 1064 656 adhuc
1096 611 1169 657 osae
1199 613 1308 675 posse,
1339 609 1416 658 nam

272 707 310 788 si,
335 705 478 791 exempli
502 727 612 787 causa,
641 705 835 772 facultatem
859 705 1065 789 intelligendi
1089 705 1272 792 considero,
1302 707 1417 774 statim

272 843 416 906 agnosco
445 819 661 906 perexiguam
694 821 794 903 illam,
830 824 864 888 et
894 821 992 887 valde
1023 821 1152 888 finitam
1184 821 1219 888 in
1249 844 1302 889 me
1332 845 1416 905 esse,

273 938 433 1022 simulque
464 937 601 1004 alterius
632 936 802 1003 cuiusdam
833 937 936 1004 multo
967 937 1112 1019 maioris,
1143 937 1209 1005 imo
1239 939 1416 1020 maximae,

274 1058 375 1138 atque
398 1053 548 1120 infinitae
570 1053 679 1120 ideam
702 1051 867 1140 formo,²⁷)
899 1053 1054 1137 illamque
1085 1075 1128 1120 ex
1151 1054 1213 1121 hoc
1235 1054 1308 1140 ipso
1332 1058 1417 1139 quod

273 1170 344 1237 eius
381 1169 492 1236 ideam
530 1169 675 1235 formare
711 1169 845 1254 possim,
884 1170 928 1236 ad
962 1171 1023 1236 Dei
1056 1173 1211 1236 naturam
1249 1171 1417 1256 pertinere

273 1285 429 1372 percipio.
487 1285 611 1352 Eadem
651 1284 780 1351 ratione
820 1285 848 1351 si
886 1285 1081 1353 facultatem
1120 1287 1326 1369 recordandi,
1365 1288 1418 1354 vel

273 1401 487 1486 imaginandi,
520 1401 573 1468 vel
607 1401 771 1484 quaslibet
809 1401 891 1468 alias
930 1403 1128 1484 examinem,
1166 1403 1287 1469 nullam
1320 1404 1418 1488 plane

219 1539 220 1544 ¹
254 1517 405 1584 invenio
439 1539 537 1601 quam
569 1539 634 1584 non
667 1517 701 1582 in
733 1538 786 1584 me
821 1521 954 1585 tenuem
989 1522 1025 1585 et
1057 1518 1350 1604 circumscriptam,
1383 1519 1416 1585 in

273 1636 344 1702 Deo
375 1634 571 1700 immensam
606 1654 680 1699 esse
715 1633 914 1717 intelligam;
953 1635 1025 1701 sola
1057 1638 1110 1701 est
1143 1636 1307 1717 voluntas,
1346 1635 1418 1701 sive

274 1749 403 1816 arbitrii
432 1749 581 1832 libertas,
614 1771 712 1832 quam
743 1752 873 1816 tantam
903 1749 938 1816 iu
967 1773 1020 1818 me
1051 1751 1205 1836 experior
1233 1754 1272 1817 ut
1298 1751 1418 1816 nullius

273 1865 409 1932 maioris
440 1865 548 1932 ideam
580 1866 843 1950 apprehendam
879 1866 962 1934 adeo
996 1871 1034 1934 ut
1065 1867 1122 1932 illa
1154 1867 1331 1952 praecipue
1363 1867 1418 1948 sit,

273 1982 403 2049 ratione
427 1981 520 2049 cuius
541 1982 721 2065 imaginem
746 1983 921 2066 quandam,
951 1986 985 2049 et
1009 1983 1257 2050 similitudinem
1280 1983 1343 2050 Dei
1365 2005 1419 2049 me

273 2099 400 2164 referre
416 2098 580 2182 intelligo:
590 2098 633 2182 ²⁸)
651 2119 727 2164 nam
741 2099 893 2182 quamvis
909 2099 1015 2166 maior
1031 2100 1155 2183 absque
1172 2100 1419 2184 comparatione

273 2215 308 2280 in
331 2216 401 2281 Deo
430 2235 528 2298 quam
559 2213 593 2279 in
623 2235 676 2281 me
704 2214 758 2296 sit,
790 2236 864 2280 cum
895 2216 1025 2282 ratione
1056 2215 1265 2300 cognitionis,
1297 2219 1332 2282 et
1361 2238 1419 2302 po·

273 2331 451 2416 tentiae29)
476 2351 560 2414 quae
583 2330 631 2395 illi
654 2331 831 2396 adiunctae
852 2334 939 2413 sunt,
963 2331 1172 2415 redduntque
1188 2333 1296 2417 ipsam
1312 2331 1419 2415 magis

272 2448 412 2527 firmam,
444 2450 479 2513 ct
499 2445 687 2528 efficacem,
718 2449 789 2512 tum
820 2447 951 2513 ratione
981 2447 1159 2532 obiecti,³⁰)
1192 2449 1345 2531 quoniam
1376 2450 1419 2516 ad

274 2562 368 2648 plura
392 2583 429 2627 se
452 2561 619 2642 extendit;
649 2583 714 2628 non
737 2564 851 2628 tamen
874 2563 909 2628 in
932 2585 968 2630 se
991 2563 1187 2646 formaliter,
1212 2567 1247 2630 et
1269 2564 1419 2648 praecise

274 2680 426 2763 spectata
443 2676 755 2763 maiorvidetur,³1)
781 2679 858 2762 quia
881 2682 1011 2746 tantum
1035 2681 1070 2745 in
1094 2701 1132 2748 co
1157 2681 1311 2754 consistit
1333 2683 1420 2764 quod

273 2794 360 2860 idem
393 2794 447 2858 vel
479 2793 602 2873 facere,
636 2794 690 2859 vel
724 2816 791 2860 non
821 2795 934 2862 facere
967 2794 1045 2878 (hoc
1080 2799 1132 2862 est
1164 2797 1333 2863 affirmare
1367 2798 1420 2863 vel

273 2930 408 2992 negare,
441 2909 596 2995 prosequi
626 2911 679 2976 vel
712 2911 844 2996 fugere)
878 2911 1052 2997 possimus,
1086 2913 1139 2978 vel
1173 2913 1283 2998 potius
1314 2913 1348 2979 in
1380 2935 1419 2980 eo

273 3029 403 3092 tantum
437 3027 524 3109 quod
557 3027 599 3092 ad
631 3026 665 3091 id
698 3026 784 3110 quod
817 3027 913 3093 nobis
946 3028 987 3093 ab
1021 3028 1192 3120 intellectu
1226 3029 1421 3115 proponitur

274 3141 506 3208 affirmandum
530 3141 583 3208 vel
606 3142 806 3225 negandum,
831 3143 903 3210 sive
926 3146 1191 3228 prosequendum
1213 3145 1267 3211 vel
1289 3145 1421 3228 fugien-

272 3259 351 3324 dum
380 3258 430 3324 ita
459 3257 617 3339 feramur,
647 3261 686 3324 ut
714 3278 734 3323 a
757 3259 847 3324 nulla
875 3259 909 3324 vi
940 3264 1080 3327 externa
1103 3283 1164 3328 nos
1187 3261 1229 3327 ad
1252 3261 1287 3327 id
1310 3261 1421 3328 deter-

273 3373 393 3439 minari
417 3372 659 3459 sentiamusssfl
699 3374 816 3458 Neque
833 3375 920 3442 enim
937 3398 1019 3461 opus
1036 3380 1089 3443 cat
1111 3399 1164 3442 me
1187 3377 1222 3443 in
1245 3380 1421 3461 utramque

274 3491 406 3573 partem
428 3487 511 3554 ferri
534 3509 633 3572 posse
662 3491 700 3554 ut
728 3489 790 3554 sim
820 3490 913 3573 liber,
946 3493 1004 3558 sed
1029 3496 1145 3559 contra
1168 3514 1232 3576 quo
1256 3493 1363 3576 magis
1386 3493 1422 3559 in

380 3692 415 3761 ²⁷)
434 3691 467 3746 D.
487 3691 603 3748 erkannt
624 3692 682 3747 hier
704 3693 792 3749 solbat
813 3713 856 3760 an,
881 3695 945 3751 dass
968 3695 1016 3751 der
1038 3697 1142 3764 Begn'ff
1162 3696 1211 3752 das
1233 3695 1423 3752 Unandlichcn

273 3782 323 3838 auf
339 3781 432 3836 Grund
452 3781 499 3835 der
517 3782 669 3851 Erfassung
688 3783 735 3838 dos
754 3784 904 3839 Eudliohan
922 3803 955 3840 ru
974 3786 1074 3840 Stande
1093 3785 1207 3841 kommt.

381 3869 415 3940 ²⁸)
438 3870 489 3924 Die
514 3870 686 3940 Auffassung
710 3874 757 3928 der
783 3873 932 3942 gtttlichen
955 3874 1182 3930 Willenafreihait
1206 3875 1248 3930 als
1273 3875 1347 3928 einer
1374 3893 1424 3928 un-

264 3953 485 4014 'umschrtnkten
500 3959 618 4015 Willkcr
636 3961 716 4016 theilt
733 3962 765 4016 D.
786 3963 837 4017 mit
854 3963 944 4018 Duns
963 3963 1094 4019 Skotus.
1126 3964 1202 4019 Nach
1219 3962 1426 4018 themistischer

273 4049 360 4103 Lehra
378 4049 441 4104 ftllt
460 4049 503 4103 die
521 4049 640 4105 Fraihait
657 4051 683 4106 in
704 4052 770 4107 Gott
792 4053 843 4106 mit
861 4053 909 4108 der
926 4052 1166 4122 Nothwandigkeit
1189 4071 1250 4108 aum
1268 4052 1360 4108 Guten
1378 4070 1425 4107 zu-

273 4155 403 4193 sammon.
