3154 4860
267 406 333 470 240
765 399 916 470 oppones.

374 599 414 664 X.
445 599 539 664 Duae
567 596 776 662 substantiae
803 595 940 662 realiter
964 595 1124 678 distingui
1147 595 1312 677 dicuntur,
1342 600 1429 660 cum

267 734 485 796 unaquaeque
509 734 552 779 ex
575 712 657 797 ipsis
680 712 805 794 absque
829 711 895 776 alia
917 714 1030 795 potest
1052 711 1209 777 existere.

701 867 986 937 Pcsrunars.

375 998 458 1063 Peto
484 999 590 1083 primd
617 999 656 1061 ut
681 996 824 1060 lectores
855 994 1035 1060 advertant
1064 997 1163 1076 quam
1194 994 1318 1060 debiles
1349 993 1425 1060 sint

268 1113 416 1178 rationes
451 1113 493 1177 ob
526 1132 608 1193 quas
641 1110 793 1176 sensibus
826 1109 894 1175 suis
929 1110 1092 1176 hactenus
1123 1109 1346 1190 crediderunt,
1383 1112 1424 1174 et

269 1247 368 1309 quam
391 1227 521 1292 incerta
544 1226 612 1291 sint
635 1225 745 1291 omnia
767 1224 889 1290 iudicia
912 1245 998 1307 quae
1020 1225 1086 1290 illis
1104 1227 1421 1309 superstruxerunt:

268 1342 371 1423 quue
395 1339 532 1422 tamdiu,
558 1343 593 1406 et
615 1343 685 1405 tam
709 1342 810 1425 saepe
834 1340 922 1424 apud
946 1361 982 1406 se
1005 1341 1191 1420 revolvant,
1218 1343 1257 1405 ut
1280 1340 1421 1406 tandem

270 1455 541 1522 consuetudinem
565 1455 740 1537 acquirant
763 1476 829 1521 non
852 1456 994 1541 amplius
1019 1455 1100 1540 ipsis
1123 1455 1260 1521 nimium
1283 1454 1421 1535 fidendi,

269 1571 332 1637 hoc
355 1571 443 1637 enim
467 1591 603 1636 necesse
626 1570 735 1636 iudico
759 1570 802 1635 ad
825 1570 1059 1637 certitudinem
1082 1592 1193 1636 rerum
1209 1569 1423 1654 Metaphysi-

270 1706 383 1752 carum
406 1685 662 1770 percipiendam.

380 1803 532 1884 Socuodd,
560 1804 597 1866 ut
621 1800 832 1866 considerent
854 1804 1000 1867 mentem
1024 1802 1203 1887 propriam,
1233 1803 1423 1882 cunctaque

271 1916 342 1982 eius
376 1916 550 1998 attributa,
587 1916 627 1982 de
660 1915 778 1999 quibus
813 1916 1063 2001 deprehendent
1095 1938 1131 1983 se
1168 1916 1319 1982 dubitare
1352 1937 1423 1981 non

270 2053 379 2116 posse,
412 2030 565 2114 quamvis
597 2032 707 2098 omnia
740 2053 825 2114 quae
856 2053 876 2097 a
906 2032 1058 2098 sensibus
1087 2032 1157 2098 suis
1185 2052 1331 2113 unquam
1364 2051 1423 2095 ac-

271 2150 441 2232 ceperunt,
465 2147 552 2212 falsa
575 2168 649 2213 esse
673 2150 875 2232 supponant;
899 2168 960 2213 nec
984 2147 1076 2232 prius
1099 2148 1190 2213 illam
1206 2146 1421 2212 considerare

271 2261 450 2342 desistant,
489 2283 587 2344 quam
624 2262 732 2347 ipsam
770 2263 858 2328 clare
896 2262 1113 2347 percipiendi,
1152 2266 1187 2328 et
1218 2241 1317 2328 rebus
1348 2282 1420 2326 om-

272 2376 368 2441 nibus
392 2376 558 2461 corporeis
582 2377 717 2458 cognitu
740 2377 922 2443 faciliorem
948 2378 1103 2444 credendi
1125 2398 1221 2443 usum
1244 2377 1306 2442 sibi
1330 2398 1421 2441 com-

271 2491 432 2575 pararint.

384 2607 498 2691 Tertit,
530 2609 567 2672 ut
596 2606 839 2691 propositiones
869 2628 929 2692 per
960 2629 996 2674 se
1026 2611 1134 2688 notas,
1165 2628 1249 2690 quas
1272 2606 1359 2691 apud
1383 2627 1421 2671 se

272 2721 454 2802 invenient,
487 2723 601 2803 quales
624 2725 718 2788 sunt:
752 2723 844 2802 Quod
871 2725 954 2788 idom
979 2747 1043 2790 noo
1061 2726 1164 2808 possit
1187 2746 1250 2789 esse
1272 2724 1369 2788 simul
1393 2730 1422 2786 et

273 2859 338 2902 noo
361 2860 440 2916 esee;
476 2837 568 2916 Quod
594 2839 675 2902 nitu
703 2846 836 2922 nequeat
861 2861 923 2904 esse
951 2861 1047 2903 causo
1076 2840 1213 2923 efficiens
1236 2839 1332 2903 ullius
1356 2839 1422 2918 rci,·

274 2954 309 3017 et
344 2951 468 3016 similes
501 2951 678 3034 diligenter
711 2953 911 3036 expendant,
943 2955 1044 3034 atque
1072 2953 1120 3018 ita
1148 2951 1420 3037 perspicuitatem

273 3065 463 3132 intellectus
487 3066 549 3132 sibi
573 3088 594 3132 a
617 3069 737 3132 natura
760 3067 910 3149 inditam,
941 3067 1001 3133 sed
1031 3088 1130 3150 quam
1161 3088 1317 3133 sensuum
1347 3066 1422 3131 visa

275 3183 373 3263 quam
401 3181 546 3247 maxime
576 3182 713 3248 turbare
736 3182 854 3260 solent,
879 3185 913 3248 et
941 3182 1129 3264 obscurare,
1160 3203 1289 3267 puram,
1321 3185 1420 3263 atque

275 3296 317 3362 ab
340 3295 422 3380 ipsis
444 3296 621 3363 liberatam
645 3301 834 3363 exerceant.
872 3298 945 3363 Hac
961 3298 1048 3363 enim
1064 3298 1195 3365 ratione
1212 3296 1420 3380 sequentium

276 3410 479 3475 axiomatum
504 3412 630 3477 veritas
653 3410 734 3496 ipsis
757 3411 855 3477 facile
879 3411 1075 3478 innotescet.

385 3526 515 3610 Quarti),
553 3528 592 3592 ut
626 3526 819 3592 examinent
857 3527 951 3592 ideas
985 3531 1191 3608 naturarum,
1230 3528 1265 3592 in
1304 3525 1421 3608 quibus

276 3641 453 3706 multorum
477 3641 574 3706 simul
604 3641 841 3706 attributorum
872 3643 1055 3727 complexio
1086 3643 1285 3723 continetur,
1316 3641 1422 3723 qualis

276 3759 329 3822 est
352 3759 472 3822 natura
495 3756 663 3840 trianguli,
695 3759 817 3822 natura
840 3747 1004 3838 quadrati,
1033 3757 1088 3823 vel
1114 3756 1253 3824 alterius
1279 3759 1421 3839 figurae3

275 3873 426 3954 Itemque
456 3875 577 3937 natura
604 3871 737 3952 Mentis,
770 3874 892 3937 natura
916 3871 1078 3956 Corporis,
1110 3876 1145 3939 et
1175 3893 1276 3957 supra
1308 3892 1423 3938 omnes

277 3991 397 4053 natura
421 3987 483 4052 Dei
514 3987 585 4053 sive
616 3986 703 4052 entis
734 4007 862 4052 summe
891 3987 1042 4070 perfecti.
1089 3986 1344 4068 Adventantque
1367 3985 1424 4052 illa

277 4102 387 4167 omnia
410 4121 495 4183 quae
518 4102 552 4167 in
575 4101 616 4167 iis
640 4101 803 4167 contineri
826 4101 1037 4187 percipimus,
1061 4107 1140 4168 vere
1167 4102 1207 4168 de
1227 4101 1309 4186 ipsis
1325 4122 1425 4185 posse
