3212 4872
271 397 334 462 104
403 452 405 456 ,
714 391 856 448 Meditatio
873 392 972 447 Tertia.

268 593 414 657 nondum
444 590 525 656 mihi
557 590 641 656 satis
672 589 806 672 cognita
840 589 981 656 istarum
1009 589 1159 656 idearum
1189 592 1350 674 effectrix,
1381 596 1419 659 ut

268 706 431 774 hactenus
454 728 586 790 semper
608 706 716 771 visum
741 709 793 771 est
816 705 901 785 illas,
933 706 1010 771 dum
1033 706 1180 787 somnio,
1203 707 1329 790 absque
1352 708 1418 774 ulla

268 844 379 889 rerum
403 825 618 888 externarum
642 841 704 906 ope
727 821 762 887 in
785 841 839 886 me
862 820 1016 900 formari;
1040 842 1079 887 ac
1103 821 1244 904 deniquo
1267 824 1418 905 quamvis

268 959 288 1003 a
311 939 411 1004 rebus
434 959 455 1004 a
478 960 530 1004 ma
555 937 696 1004 diversis
720 938 949 1023 procederent,
982 958 1048 1002 non
1069 936 1146 1002 inde
1171 938 1321 1020 sequitur
1342 939 1417 1004 illas

268 1054 367 1119 rebus
397 1053 472 1120 istis
503 1053 627 1119 similes
658 1074 733 1119 esse
764 1053 900 1132 debere;
932 1052 1078 1135 quinimo
1108 1052 1143 1118 in
1173 1053 1286 1119 multis
1317 1075 1417 1139 saepe

269 1190 425 1252 magnum
449 1168 627 1235 discrimen
650 1168 767 1235 videor
790 1167 1065 1252 deprehendissem
1089 1171 1127 1234 ut
1146 1169 1290 1255 exempli
1307 1177 1416 1251 causa,

268 1285 350 1350 duas
374 1285 525 1351 diversas
549 1283 628 1350 solis
651 1283 745 1350 ideas
769 1284 857 1368 apud
880 1305 933 1350 me
957 1283 1102 1364 invenio,
1133 1305 1232 1350 unam
1256 1288 1416 1367 tanquam

268 1421 288 1465 a
311 1400 463 1466 sensibus
487 1400 653 1481 haustam,
686 1402 828 1482 atquae
851 1398 997 1464 maxime
1024 1398 1113 1465 inter
1140 1399 1215 1465 illas
1244 1421 1327 1482 quas
1359 1402 1417 1467 ad·

268 1515 427 1582 ventitias
459 1515 615 1581 existimo
648 1518 702 1581 est
733 1515 948 1596 recensenda,
981 1536 1042 1599 per
1074 1536 1173 1597 quam
1205 1515 1287 1580 mihi
1319 1516 1417 1582 valde

267 1653 391 1716 parvus
430 1634 580 1717 apparet,
620 1631 719 1697 aliam
757 1652 838 1696 vero
878 1651 921 1696 ex
959 1630 1144 1696 rationibus
1182 1630 1417 1698 Astronomiae

268 1747 487 1832 desumptam,
512 1746 575 1813 hoc
598 1749 651 1813 est
675 1767 717 1812 ex
741 1745 931 1812 notionibus
955 1745 1152 1829 quibusdam
1180 1746 1261 1812 mihi
1291 1747 1417 1813 innatis

267 1863 412 1929 elicitam
435 1865 489 1929 vel
511 1884 705 1946 quocunque
734 1862 799 1928 alio
823 1863 919 1928 modo
943 1882 963 1927 a
986 1882 1039 1927 me
1063 1861 1200 1942 factam,
1232 1883 1292 1948 per
1318 1883 1417 1945 quam

267 1977 443 2061 aliquoties
472 1979 579 2045 maior
608 2000 707 2062 quam
741 1982 833 2045 terra
866 1979 1057 2057 exhibetur;
1091 1981 1233 2061 utraque
1265 1978 1416 2063 profecto

229 2167 231 2172 ,
267 2094 384 2160 similis
408 2094 515 2161 eidem
540 2094 601 2160 soli
624 2098 723 2160 extra
751 2117 805 2160 me
835 2094 994 2160 existenti
1025 2115 1099 2160 esse
1130 2117 1195 2161 non
1226 2097 1349 2181 potest,
1381 2098 1417 2161 et

265 2210 353 2276 ratio
385 2210 566 2295 persuadet
598 2210 687 2276 illam
721 2210 752 2276 ei
788 2210 932 2276 maxime
971 2231 1046 2276 esse
1085 2210 1289 2292 dissimilem,
1330 2231 1415 2294 quae

267 2345 367 2407 quam
406 2324 557 2408 proxime
590 2324 632 2389 ab
664 2325 736 2409 ipso
769 2325 903 2391 videtur
935 2345 1119 2392 emanasse.
1179 2327 1269 2404 Quae
1305 2325 1415 2393 omnia

266 2441 349 2506 satis
374 2441 605 2505 demonstrant
628 2462 681 2506 me
705 2462 771 2506 non
793 2441 956 2506 hactenus
980 2463 1022 2507 ex
1047 2444 1138 2508 certo
1155 2441 1264 2524 aliquo
1281 2441 1414 2521 iudicio,

266 2557 325 2622 sed
349 2558 481 2621 tantum
505 2577 548 2621 ex
571 2576 669 2622 coeco
694 2555 803 2639 aliquo
827 2556 969 2640 impulsu
986 2557 1166 2623 credidisse
1183 2577 1238 2622 res
1253 2557 1414 2638 quasdam

267 2692 364 2737 ame
389 2671 539 2737 diversas
563 2671 709 2738 existere
733 2693 819 2754 quae
842 2672 936 2738 ideas
959 2672 1031 2738 sive
1054 2671 1218 2753 imagines
1250 2693 1327 2738 suas
1355 2694 1415 2756 per

267 2807 394 2869 organa
422 2808 593 2868 sensuum,
627 2788 679 2853 vel
708 2788 856 2871 quolibet
886 2788 950 2854 alio
981 2790 1080 2872 pacto
1111 2787 1192 2853 mihi
1222 2787 1414 2854 immittant.

266 2903 330 2969 Sed
355 2903 421 2969 alia
444 2904 607 2986 quaedam
631 2904 739 2970 adhuc
762 2905 819 2970 via
843 2904 924 2970 mihi
947 2903 1092 2970 occurrit
1118 2904 1161 2968 ad
1184 2903 1416 2986 inquirendum

267 3040 310 3084 an
334 3040 388 3084 res
412 3018 542 3102 aliquae
566 3019 684 3100 exiis,
716 3041 856 3102 quarum
886 3019 981 3084 ideae
1005 3018 1039 3083 in
1062 3041 1116 3084 me
1140 3023 1218 3085 sunt
1241 3021 1340 3085 extra
1363 3041 1416 3085 me

267 3134 426 3201 existant.
479 3135 608 3218 Nempe
642 3137 806 3217 quatenus
838 3135 933 3200 ideae
965 3134 1052 3199 istae
1083 3134 1252 3216 cogitandi
1281 3134 1416 3217 quidam

266 3251 355 3317 modi
379 3253 510 3316 tanturn
535 3251 623 3330 sunt,
648 3271 713 3315 non
737 3270 882 3332 agnosco
906 3248 1006 3314 ullam
1022 3249 1111 3315 inter
1127 3249 1218 3334 ipsas
1233 3249 1416 3332 inaequali-

267 3369 382 3444 tatem,
409 3369 443 3430 et
467 3385 580 3430 omnes
605 3385 626 3429 a
649 3386 702 3430 me
727 3365 841 3431 eodem
866 3365 962 3430 modo
986 3365 1166 3448 procedere
1190 3365 1415 3449 videntur;²⁹)

268 3481 326 3546 sed
351 3483 515 3563 quatenus
538 3501 605 3545 una
628 3501 727 3545 unam
751 3501 832 3562 rem,
856 3481 922 3546 alia
939 3480 1038 3547 aliam
1054 3483 1297 3565 repraesentat,
1322 3483 1417 3565 patet

268 3597 402 3662 easdem
431 3617 505 3661 esse
534 3596 576 3660 ab
600 3595 743 3661 invicem
774 3596 870 3662 valde
902 3596 1063 3676 diversas
1095 3617 1171 3661 nam
1202 3596 1415 3680 proculdubio

375 3862 411 3930 ²⁹)
430 3861 643 3933 Psychologisoh
663 3879 831 3930 genommen,
851 3860 975 3929 gleichen
994 3861 1047 3914 alle
1067 3860 1416 3916 Bcwusstseinserlebnisse

268 3952 320 4005 den
338 3951 451 4004 Theilen
475 3951 550 4005 eines
568 3951 622 4004 und
642 3951 785 4005 desselben
804 3949 964 4014 Gemaldes3
990 3949 1097 4004 obwohl
1115 3967 1150 4003 an
1167 3948 1258 4004 Inhalt
1276 3949 1339 4003 sehr
1357 3967 1416 4003 ver-

268 4039 404 4104 schiaden,
423 4039 532 4093 kdnnen
546 4039 586 4093 aie
601 4039 652 4093 wie
671 4040 720 4094 das
733 4039 872 4104 Gemtlde,
892 4038 1076 4094 denselben
1094 4039 1189 4103 Malea
1209 4037 1271 4093 dh.
1285 4038 1345 4092 eine
1362 4037 1414 4092 ein-

267 4129 325 4196 zige
344 4129 509 4182 immanente
528 4145 611 4182 causa
629 4146 690 4182 zum
708 4127 830 4182 Urheber
847 4127 944 4182 haben.
