3188 4876
679 1225 981 1306 SYNOPSIS

493 1369 569 1439 Sex
591 1369 827 1456 sequentium
850 1370 1165 1456 narrationum)

360 1621 403 1716 in
426 1647 533 1733 prima
557 1669 677 1714 causae
709 1651 921 1733 exponuntur
950 1653 1087 1733 propter
1117 1669 1200 1732 quas
1231 1649 1271 1714 de
1301 1650 1403 1715 rebus

253 1764 414 1844 omnibus,
434 1763 633 1848 praesertim
649 1763 888 1844 materialibus,
912 1785 1087 1848 possumus
1105 1765 1272 1844 dubitare3
1297 1786 1403 1848 quan-

254 1879 308 1945 diu
332 1879 459 1944 scilieet
475 1901 541 1945 nen
557 1879 718 1944 habemus
735 1880 800 1944 alia
818 1879 1032 1945 scientiarum
1049 1881 1277 1962 fundamenta,
1302 1903 1400 1964 quarn

253 2016 293 2060 ea
317 2016 401 2077 quae
426 1995 568 2060 antehae
591 1995 776 2060 habuimus.
824 1995 898 2060 Etsi
926 1999 1039 2060 autem
1066 1981 1163 2061 istius
1194 2000 1310 2062 tantae
1341 1998 1402 2063 du-

252 2111 424 2177 bitationis
448 2110 575 2176 utilitas
598 2110 706 2194 prima
729 2111 840 2177 fronte
864 2132 930 2177 non
954 2115 1126 2195 appareat,
1153 2115 1206 2177 est
1229 2115 1342 2178 tamen
1365 2113 1399 2178 in

253 2247 291 2292 eo
314 2226 462 2291 maxima
485 2226 571 2308 quod
595 2226 637 2290 ab
661 2225 812 2292 omnibus
836 2226 1047 2309 praeiudiciis
1064 2249 1125 2292 nes
1140 2227 1269 2308 liberet,
1294 2228 1401 2293 viam-

252 2363 315 2424 que
339 2341 530 2406 facillimam
554 2344 685 2406 sternat
709 2341 752 2406 ad
774 2346 921 2407 mentem
943 2341 1131 2407 asensibus
1155 2342 1399 2410 abducendam:

252 2479 291 2523 ae
315 2457 456 2539 denique
485 2456 619 2536 efficiat,
650 2460 689 2522 ut
712 2456 752 2522 de
776 2456 827 2537 iis,
857 2478 942 2540 quae
965 2460 1083 2541 postea
1106 2478 1188 2522 vera
1212 2479 1286 2523 esse
1310 2480 1401 2524 eem-

251 2573 428 2657 periemua
453 2582 518 2637 nen
542 2572 683 2655 amplius
707 2571 860 2637 dubitare
883 2573 1057 2656 pessimus.

358 2725 396 2788 ln
417 2724 572 2803 secunda,
597 2744 690 2789 mens
707 2744 792 2805 quae
808 2723 942 2807 propria
956 2723 1113 2789 libertate
1130 2728 1228 2790 utens
1244 2724 1401 2809 supponit

251 2861 291 2904 ea
315 2839 425 2905 omnia
449 2860 514 2904 non
539 2838 684 2904 existere
709 2839 749 2904 de
773 2860 911 2921 quorum
936 2839 1117 2904 existentia
1145 2841 1198 2905 vel
1228 2840 1399 2905 minimum

360 3045 380 3112 ¹)
398 3043 449 3097 Die
468 3027 671 3110 Paginiru‘ng
689 3041 736 3096 der
753 3041 994 3109 Originalausgabs
1013 3041 1126 3109 beginnt
1142 3046 1198 3097 erst
1210 3043 1260 3096 mit
1272 3044 1320 3097 der
1332 3043 1399 3114 Syn·

251 3133 335 3204 opsis:
363 3132 405 3186 die
431 3132 511 3185 seehs
535 3131 730 3184 Meditationen
755 3130 864 3187 reichen
889 3129 932 3184 bis
955 3130 981 3184 S.
998 3130 1056 3196 116,
1082 3131 1125 3184 die
1144 3130 1325 3202 Objektionen
1343 3133 1399 3186 und

250 3221 453 3290 Responsionen
471 3221 613 3274 umfassen
632 3220 658 3273 S.
673 3219 723 3274 117
736 3218 778 3272 bis
792 3221 852 3285 602,
876 3220 929 3273 den
946 3218 1098 3274 Absehluss
1123 3219 1210 3275 bildet
1232 3221 1281 3275 das
1304 3221 1398 3288 kenig-

249 3309 320 3364 lichs
340 3308 465 3362 Privile
471 3325 488 3375 g
507 3309 562 3361 und
581 3308 630 3361 das
649 3307 1019 3362 Druekfehlerverzeichniss.
1056 3309 1107 3362 Die
1126 3309 1286 3364 Uebersieht
1305 3311 1342 3364 ist
1360 3311 1399 3362 in-

250 3398 323 3466 folge
342 3398 389 3451 der
408 3396 643 3464 gleichlautenden
663 3396 930 3452 Seiteni'rbersehrift:
952 3397 1158 3463 „Meditationes
1175 3397 1396 3469 Metaphysiea&

165 3504 168 3511 ·
250 3486 405 3554 geganiiber
430 3486 482 3538 den
507 3502 661 3552 gensueren
686 3485 908 3540 Uebersehriften
933 3486 961 3540 in
984 3488 1032 3540 der
1056 3486 1312 3554 Elzevir-Ausgabe:
1337 3486 1398 3557 Obj.

250 3575 350 3644 primae
370 3577 421 3628 ete.
440 3575 520 3642 Resp.
533 3574 619 3644 prim,
639 3573 701 3629 sehr
720 3575 874 3629 ersehwert.

357 3667 514 3718 Extraiet
532 3660 755 3733 du'privile'pe
774 3669 816 3718 du
835 3667 910 3734 Roy.
935 3667 994 3718 Par
1004 3667 1086 3733 preire
1105 3673 1129 3718 et
1142 3666 1276 3734 privilape
1288 3669 1326 3718 du
1339 3667 1403 3733 Royv

249 3755 467 3822 tres-Chrestiea,
487 3755 508 3806 il
527 3758 565 3806 est
582 3756 685 3821 permis
699 3754 716 3806 ὰ
729 3757 874 3808 I’Autheur
887 3757 924 3807 da
939 3756 1021 3807 hiere
1040 3755 1149 3807 inritare
1160 3755 1194 3806 M
1195 3757 1399 3807 editationes

250 3844 510 3912 Metaphysicae‚
524 3845 561 3896 de
574 3847 688 3910 prima
704 3831 932 3912 philosophia,
947 3847 980 3896 de
991 3847 1065 3910 faire
1078 3846 1272 3910 imprimerem
1285 3845 1399 3896 Oeuvres

247 3950 302 4000 par
315 3936 349 3985 tel
361 3935 529 4000 imprimam·
546 3940 569 3984 et
584 3934 722 4001 Libraira,
741 3937 767 3985 ὠ
786 3951 818 3985 en
837 3935 895 3985 telle
909 3941 978 4000 part
997 3951 1046 4001 que
1065 3935 1116 3986 bon
1134 3935 1174 3985 lui
1192 3935 1331 4002 semblera,
1354 3936 1398 3985 de-

203 4007 204 4010 *
250 4025 319 4074 dana
343 4030 367 4074 et
390 4025 486 4075 dehere
509 4024 532 4074 le
550 4023 687 4089 Royaume
712 4024 744 4074 de
762 4023 878 4090 Franre,
905 4030 928 4074 et
951 4039 978 4074 ce
996 4024 1121 4090 pendant
1144 4024 1166 4074 le
1189 4029 1272 4074 terme
1294 4025 1326 4076 de
1349 4025 1399 4075 dix

250 4111 347 4164 ennaea
371 4113 526 4179 consecutis,
546 4111 563 4163 ἀ
582 4118 699 4178 comptor
718 4113 755 4163 du
769 4113 837 4176 jour
856 4113 922 4178 pu’il
940 4129 1001 4165 sera
1022 4111 1117 4164 acheri
1134 4114 1313 4180 d’imprimer‚
1332 4129 1399 4164 sans
