<?xml version="1.0" encoding="UTF-8"?>
<!DOCTYPE html PUBLIC "-//W3C//DTD XHTML 1.0 Transitional//EN"
    "http://www.w3.org/TR/xhtml1/DTD/xhtml1-transitional.dtd">
<html xmlns="http://www.w3.org/1999/xhtml" xml:lang="en" lang="en">
 <head>
  <title>
</title>
<meta http-equiv="Content-Type" content="text/html;charset=utf-8" />
  <meta name='ocr-system' content='tesseract 3.04.00' />
  <meta name='ocr-capabilities' content='ocr_page ocr_carea ocr_par ocr_line ocrx_word'/>
</head>
<body>
  <div class='ocr_page' id='page_1' title='image "./meditationesdep01gtgoog_0258.png"; bbox 0 0 3186 4870; ppageno 0'>
   <div class='ocr_carea' id='block_1_1' title="bbox 751 368 902 438">
    <p class='ocr_par' dir='ltr' id='par_1_1' title="bbox 751 368 902 438">
     <span class='ocr_line' id='line_1_1' title="bbox 751 368 902 438; baseline 0.007 -17"><span class='ocrx_word' id='word_1_1' title='bbox 751 368 902 438; x_wconf 86' lang='lat' dir='ltr'>Appondix.</span> 
     </span>
    </p>
   </div>
   <div class='ocr_carea' id='block_1_2' title="bbox 647 561 1005 662">
    <p class='ocr_par' dir='ltr' id='par_1_2' title="bbox 647 561 1005 662">
     <span class='ocr_line' id='line_1_2' title="bbox 647 561 1005 662; baseline 0 -32"><span class='ocrx_word' id='word_1_2' title='bbox 647 561 920 632; x_wconf 82' lang='lat' dir='ltr'>raorosrrro</span> <span class='ocrx_word' id='word_1_3' title='bbox 935 561 1005 662; x_wconf 80' lang='lat' dir='ltr'>ru.</span> 
     </span>
    </p>
   </div>
   <div class='ocr_carea' id='block_1_3' title="bbox 474 689 1177 774">
    <p class='ocr_par' dir='ltr' id='par_1_3' title="bbox 474 689 1177 774">
     <span class='ocr_line' id='line_1_3' title="bbox 474 689 1177 774; baseline -0.004 -20"><span class='ocrx_word' id='word_1_4' title='bbox 474 689 565 754; x_wconf 78' lang='lat' dir='ltr'>Mens</span> <span class='ocrx_word' id='word_1_5' title='bbox 589 696 616 754; x_wconf 87' lang='lat' dir='ltr'>et</span> <span class='ocrx_word' id='word_1_6' title='bbox 638 711 753 773; x_wconf 82' lang='lat' dir='ltr'>corpus</span> <span class='ocrx_word' id='word_1_7' title='bbox 775 691 904 754; x_wconf 80' lang='lat' dir='ltr'><em>realiter</em></span> <span class='ocrx_word' id='word_1_8' title='bbox 927 690 1177 774; x_wconf 61' lang='lat' dir='ltr'>delinquuntur.</span> 
     </span>
    </p>
   </div>
   <div class='ocr_carea' id='block_1_4' title="bbox 684 826 969 883">
    <p class='ocr_par' dir='ltr' id='par_1_4' title="bbox 684 826 969 883">
     <span class='ocr_line' id='line_1_4' title="bbox 684 826 969 883; baseline -0.004 0"><span class='ocrx_word' id='word_1_9' title='bbox 684 826 969 883; x_wconf 80' lang='lat' dir='ltr'><strong>DEMONSTRATIO.</strong></span> 
     </span>
    </p>
   </div>
   <div class='ocr_carea' id='block_1_5' title="bbox 239 943 1405 2648">
    <p class='ocr_par' dir='ltr' id='par_1_5' title="bbox 254 943 1403 1722">
     <span class='ocr_line' id='line_1_5' title="bbox 362 943 1403 1030; baseline 0 -21"><span class='ocrx_word' id='word_1_10' title='bbox 362 944 525 1027; x_wconf 83' lang='lat' dir='ltr'>Quidquid</span> <span class='ocrx_word' id='word_1_11' title='bbox 556 945 644 1010; x_wconf 82' lang='lat' dir='ltr'>clare</span> <span class='ocrx_word' id='word_1_12' title='bbox 674 945 885 1030; x_wconf 79' lang='lat' dir='ltr'>percipimus,</span> <span class='ocrx_word' id='word_1_13' title='bbox 916 945 1029 1010; x_wconf 92' lang='lat' dir='ltr'>aDeo</span> <span class='ocrx_word' id='word_1_14' title='bbox 1053 943 1125 1010; x_wconf 90' lang='lat' dir='ltr'>fieri</span> <span class='ocrx_word' id='word_1_15' title='bbox 1149 946 1271 1028; x_wconf 90' lang='lat' dir='ltr'>potest,</span> <span class='ocrx_word' id='word_1_16' title='bbox 1303 947 1403 1028; x_wconf 88' lang='lat' dir='ltr'>prout</span> 
     </span>
     <span class='ocr_line' id='line_1_6' title="bbox 254 1058 1402 1145; baseline -0.003 -18"><span class='ocrx_word' id='word_1_17' title='bbox 254 1062 333 1127; x_wconf 88' lang='lat' dir='ltr'>illud</span> <span class='ocrx_word' id='word_1_18' title='bbox 365 1060 565 1145; x_wconf 84' lang='lat' dir='ltr'>percipimus</span> <span class='ocrx_word' id='word_1_19' title='bbox 599 1058 672 1145; x_wconf 86' lang='lat' dir='ltr'>(per</span> <span class='ocrx_word' id='word_1_20' title='bbox 705 1061 814 1127; x_wconf 85' lang='lat' dir='ltr'>coroll.</span> <span class='ocrx_word' id='word_1_21' title='bbox 850 1060 1079 1145; x_wconf 83' lang='lat' dir='ltr'>praecedens),</span> <span class='ocrx_word' id='word_1_22' title='bbox 1112 1060 1171 1125; x_wconf 87' lang='lat' dir='ltr'>sed</span> <span class='ocrx_word' id='word_1_23' title='bbox 1205 1060 1293 1125; x_wconf 76' lang='lat' dir='ltr'>clare</span> <span class='ocrx_word' id='word_1_24' title='bbox 1325 1081 1402 1144; x_wconf 91' lang='lat' dir='ltr'>per-</span> 
     </span>
     <span class='ocr_line' id='line_1_7' title="bbox 255 1175 1401 1262; baseline -0.002 -20"><span class='ocrx_word' id='word_1_25' title='bbox 255 1177 393 1262; x_wconf 87' lang='lat' dir='ltr'>cipimus</span> <span class='ocrx_word' id='word_1_26' title='bbox 417 1178 572 1255; x_wconf 89' lang='lat' dir='ltr'>mentem,</span> <span class='ocrx_word' id='word_1_27' title='bbox 603 1175 665 1241; x_wconf 88' lang='lat' dir='ltr'>hoc</span> <span class='ocrx_word' id='word_1_28' title='bbox 689 1179 751 1256; x_wconf 88' lang='lat' dir='ltr'>est,</span> <span class='ocrx_word' id='word_1_29' title='bbox 783 1175 1004 1242; x_wconf 89' lang='lat' dir='ltr'>substantiam</span> <span class='ocrx_word' id='word_1_30' title='bbox 1028 1175 1245 1258; x_wconf 87' lang='lat' dir='ltr'>cogitantem,</span> <span class='ocrx_word' id='word_1_31' title='bbox 1277 1176 1401 1258; x_wconf 91' lang='lat' dir='ltr'>absque</span> 
     </span>
     <span class='ocr_line' id='line_1_8' title="bbox 255 1289 1403 1376; baseline -0.003 -18"><span class='ocrx_word' id='word_1_32' title='bbox 255 1312 402 1376; x_wconf 88' lang='lat' dir='ltr'>corpore,</span> <span class='ocrx_word' id='word_1_33' title='bbox 437 1291 500 1358; x_wconf 88' lang='lat' dir='ltr'>hoe</span> <span class='ocrx_word' id='word_1_34' title='bbox 536 1293 588 1357; x_wconf 89' lang='lat' dir='ltr'>est</span> <span class='ocrx_word' id='word_1_35' title='bbox 621 1291 746 1373; x_wconf 88' lang='lat' dir='ltr'>absque</span> <span class='ocrx_word' id='word_1_36' title='bbox 779 1291 968 1358; x_wconf 79' lang='lat' dir='ltr'>substantia</span> <span class='ocrx_word' id='word_1_37' title='bbox 1000 1291 1111 1373; x_wconf 81' lang='lat' dir='ltr'>aliqua</span> <span class='ocrx_word' id='word_1_38' title='bbox 1143 1293 1293 1371; x_wconf 82' lang='lat' dir='ltr'>extensa,</span> <span class='ocrx_word' id='word_1_39' title='bbox 1329 1289 1403 1374; x_wconf 82' lang='lat' dir='ltr'>(per</span> 
     </span>
     <span class='ocr_line' id='line_1_9' title="bbox 255 1405 1403 1492; baseline -0.001 -19"><span class='ocrx_word' id='word_1_40' title='bbox 255 1410 340 1492; x_wconf 91' lang='lat' dir='ltr'>post.</span> <span class='ocrx_word' id='word_1_41' title='bbox 358 1407 404 1491; x_wconf 79' lang='lat'>2.)</span> <span class='ocrx_word' id='word_1_42' title='bbox 429 1409 463 1473; x_wconf 86' lang='lat' dir='ltr'>et</span> <span class='ocrx_word' id='word_1_43' title='bbox 484 1406 557 1473; x_wconf 89' lang='lat' dir='ltr'>vice</span> <span class='ocrx_word' id='word_1_44' title='bbox 573 1413 673 1472; x_wconf 77' lang='lat' dir='ltr'>verse</span> <span class='ocrx_word' id='word_1_45' title='bbox 696 1428 814 1492; x_wconf 91' lang='lat' dir='ltr'>corpus</span> <span class='ocrx_word' id='word_1_46' title='bbox 831 1407 955 1489; x_wconf 90' lang='lat' dir='ltr'>absque</span> <span class='ocrx_word' id='word_1_47' title='bbox 971 1409 1083 1473; x_wconf 90' lang='lat' dir='ltr'>mente</span> <span class='ocrx_word' id='word_1_48' title='bbox 1107 1405 1158 1491; x_wconf 84' lang='lat' dir='ltr'>(ut</span> <span class='ocrx_word' id='word_1_49' title='bbox 1173 1406 1271 1472; x_wconf 87' lang='lat' dir='ltr'>facile</span> <span class='ocrx_word' id='word_1_50' title='bbox 1288 1427 1403 1472; x_wconf 89' lang='lat' dir='ltr'>omnes</span> 
     </span>
     <span class='ocr_line' id='line_1_10' title="bbox 256 1503 1402 1608; baseline 0.001 -21"><span class='ocrx_word' id='word_1_51' title='bbox 256 1503 464 1604; x_wconf 83' lang='lat' dir='ltr'>concedunt),</span> <span class='ocrx_word' id='word_1_52' title='bbox 496 1542 576 1604; x_wconf 83' lang='lat' dir='ltr'>ergo</span> <span class='ocrx_word' id='word_1_53' title='bbox 605 1522 724 1588; x_wconf 88' lang='lat' dir='ltr'>saltem</span> <span class='ocrx_word' id='word_1_54' title='bbox 748 1543 809 1608; x_wconf 89' lang='lat' dir='ltr'>per</span> <span class='ocrx_word' id='word_1_55' title='bbox 833 1522 978 1588; x_wconf 89' lang='lat' dir='ltr'>divinam</span> <span class='ocrx_word' id='word_1_56' title='bbox 1002 1511 1187 1607; x_wconf 85' lang='lat' dir='ltr'>potentiam</span> <span class='ocrx_word' id='word_1_57' title='bbox 1210 1542 1305 1588; x_wconf 90' lang='lat' dir='ltr'>mens</span> <span class='ocrx_word' id='word_1_58' title='bbox 1328 1543 1402 1588; x_wconf 87' lang='lat' dir='ltr'>esse</span> 
     </span>
     <span class='ocr_line' id='line_1_11' title="bbox 255 1637 1076 1722; baseline 0.001 -19"><span class='ocrx_word' id='word_1_59' title='bbox 255 1640 367 1722; x_wconf 90' lang='lat' dir='ltr'>potest</span> <span class='ocrx_word' id='word_1_60' title='bbox 390 1637 462 1703; x_wconf 87' lang='lat' dir='ltr'>sine</span> <span class='ocrx_word' id='word_1_61' title='bbox 486 1657 633 1721; x_wconf 88' lang='lat' dir='ltr'>corpore,</span> <span class='ocrx_word' id='word_1_62' title='bbox 658 1640 692 1703; x_wconf 92' lang='lat' dir='ltr'>et</span> <span class='ocrx_word' id='word_1_63' title='bbox 716 1659 835 1722; x_wconf 92' lang='lat' dir='ltr'>corpus</span> <span class='ocrx_word' id='word_1_64' title='bbox 859 1639 930 1704; x_wconf 90' lang='lat' dir='ltr'>sine</span> <span class='ocrx_word' id='word_1_65' title='bbox 953 1642 1076 1704; x_wconf 86' lang='lat' dir='ltr'>mente.</span> 
     </span>
    </p>

    <p class='ocr_par' dir='ltr' id='par_1_6' title="bbox 239 1752 1405 2300">
     <span class='ocr_line' id='line_1_12' title="bbox 362 1752 1403 1839; baseline 0 -21"><span class='ocrx_word' id='word_1_66' title='bbox 362 1753 432 1818; x_wconf 94' lang='lat' dir='ltr'>Iam</span> <span class='ocrx_word' id='word_1_67' title='bbox 456 1773 536 1819; x_wconf 88' lang='lat' dir='ltr'>vero</span> <span class='ocrx_word' id='word_1_68' title='bbox 560 1752 774 1820; x_wconf 81' lang='lat' dir='ltr'>Substantias</span> <span class='ocrx_word' id='word_1_69' title='bbox 798 1776 883 1836; x_wconf 91' lang='lat' dir='ltr'>quae</span> <span class='ocrx_word' id='word_1_70' title='bbox 911 1775 986 1821; x_wconf 92' lang='lat' dir='ltr'>esse</span> <span class='ocrx_word' id='word_1_71' title='bbox 1014 1756 1154 1839; x_wconf 78' lang='lat' dir='ltr'>possunt</span> <span class='ocrx_word' id='word_1_72' title='bbox 1181 1773 1248 1818; x_wconf 90' lang='lat' dir='ltr'>una</span> <span class='ocrx_word' id='word_1_73' title='bbox 1278 1753 1403 1834; x_wconf 89' lang='lat' dir='ltr'>absque</span> 
     </span>
     <span class='ocr_line' id='line_1_13' title="bbox 239 1868 1405 1955; baseline -0.001 -22"><span class='ocrx_word' id='word_1_74' title='bbox 239 1868 322 1933; x_wconf 82' lang='lat' dir='ltr'>alia</span> <span class='ocrx_word' id='word_1_75' title='bbox 354 1868 491 1934; x_wconf 80' lang='lat' dir='ltr'>realiter</span> <span class='ocrx_word' id='word_1_76' title='bbox 524 1868 783 1952; x_wconf 86' lang='lat' dir='ltr'>distinguuntur,</span> <span class='ocrx_word' id='word_1_77' title='bbox 818 1868 891 1955; x_wconf 84' lang='lat' dir='ltr'>(per</span> <span class='ocrx_word' id='word_1_78' title='bbox 921 1871 986 1937; x_wconf 84' lang='lat' dir='ltr'>def.</span> <span class='ocrx_word' id='word_1_79' title='bbox 1006 1870 1071 1954; x_wconf 88' lang='lat'><strong>10.)</strong></span> <span class='ocrx_word' id='word_1_80' title='bbox 1105 1869 1198 1952; x_wconf 90' lang='lat' dir='ltr'>atqui</span> <span class='ocrx_word' id='word_1_81' title='bbox 1230 1889 1334 1948; x_wconf 88' lang='lat' dir='ltr'>mens,</span> <span class='ocrx_word' id='word_1_82' title='bbox 1368 1871 1405 1933; x_wconf 86' lang='lat' dir='ltr'>ct</span> 
     </span>
     <span class='ocr_line' id='line_1_14' title="bbox 257 1983 1404 2070; baseline 0 -22"><span class='ocrx_word' id='word_1_83' title='bbox 257 2005 376 2068; x_wconf 87' lang='lat' dir='ltr'>corpus</span> <span class='ocrx_word' id='word_1_84' title='bbox 406 1986 483 2050; x_wconf 92' lang='lat' dir='ltr'>sunt</span> <span class='ocrx_word' id='word_1_85' title='bbox 513 1983 737 2066; x_wconf 83' lang='lat' dir='ltr'>Substantias,</span> <span class='ocrx_word' id='word_1_86' title='bbox 770 1986 844 2070; x_wconf 88' lang='lat' dir='ltr'>(per</span> <span class='ocrx_word' id='word_1_87' title='bbox 874 1986 938 2053; x_wconf 87' lang='lat' dir='ltr'>def.</span> <span class='ocrx_word' id='word_1_88' title='bbox 964 1989 1006 2067; x_wconf 87' lang='lat'>5.,</span> <span class='ocrx_word' id='word_1_89' title='bbox 1032 1990 1061 2053; x_wconf 92' lang='lat'>6.</span> <span class='ocrx_word' id='word_1_90' title='bbox 1087 1988 1122 2052; x_wconf 88' lang='lat' dir='ltr'>et</span> <span class='ocrx_word' id='word_1_91' title='bbox 1146 1985 1189 2070; x_wconf 83' lang='lat'>7.)</span> <span class='ocrx_word' id='word_1_92' title='bbox 1221 2005 1307 2067; x_wconf 89' lang='lat' dir='ltr'>quae</span> <span class='ocrx_word' id='word_1_93' title='bbox 1337 2004 1404 2049; x_wconf 93' lang='lat' dir='ltr'>una</span> 
     </span>
     <span class='ocr_line' id='line_1_15' title="bbox 257 2099 1404 2187; baseline 0.001 -23"><span class='ocrx_word' id='word_1_94' title='bbox 257 2099 381 2182; x_wconf 87' lang='lat' dir='ltr'>absque</span> <span class='ocrx_word' id='word_1_95' title='bbox 403 2100 468 2165; x_wconf 88' lang='lat' dir='ltr'>alia</span> <span class='ocrx_word' id='word_1_96' title='bbox 492 2121 566 2166; x_wconf 87' lang='lat' dir='ltr'>esse</span> <span class='ocrx_word' id='word_1_97' title='bbox 589 2104 738 2186; x_wconf 84' lang='lat' dir='ltr'>possunt,</span> <span class='ocrx_word' id='word_1_98' title='bbox 765 2102 816 2184; x_wconf 89' lang='lat' dir='ltr'>(ut</span> <span class='ocrx_word' id='word_1_99' title='bbox 832 2124 909 2167; x_wconf 90' lang='lat' dir='ltr'>mox</span> <span class='ocrx_word' id='word_1_100' title='bbox 925 2103 1101 2187; x_wconf 90' lang='lat' dir='ltr'>probatum</span> <span class='ocrx_word' id='word_1_101' title='bbox 1117 2101 1183 2185; x_wconf 85' lang='lat' dir='ltr'>est)</span> <span class='ocrx_word' id='word_1_102' title='bbox 1208 2122 1289 2184; x_wconf 87' lang='lat' dir='ltr'>ergo</span> <span class='ocrx_word' id='word_1_103' title='bbox 1309 2120 1404 2165; x_wconf 89' lang='lat' dir='ltr'>mens</span> 
     </span>
     <span class='ocr_line' id='line_1_16' title="bbox 257 2216 877 2300; baseline 0.005 -20"><span class='ocrx_word' id='word_1_104' title='bbox 257 2218 292 2282; x_wconf 90' lang='lat' dir='ltr'>et</span> <span class='ocrx_word' id='word_1_105' title='bbox 315 2236 434 2300; x_wconf 89' lang='lat' dir='ltr'>corpus</span> <span class='ocrx_word' id='word_1_106' title='bbox 457 2216 594 2282; x_wconf 85' lang='lat' dir='ltr'>realiter</span> <span class='ocrx_word' id='word_1_107' title='bbox 618 2217 877 2300; x_wconf 86' lang='lat' dir='ltr'>distinguuntur.</span> 
     </span>
    </p>

    <p class='ocr_par' dir='ltr' id='par_1_7' title="bbox 256 2330 1404 2648">
     <span class='ocr_line' id='line_1_17' title="bbox 361 2330 1403 2417; baseline 0.002 -21"><span class='ocrx_word' id='word_1_108' title='bbox 361 2330 619 2413; x_wconf 91' lang='lat' dir='ltr'>Notandumque</span> <span class='ocrx_word' id='word_1_109' title='bbox 647 2355 700 2398; x_wconf 90' lang='lat' dir='ltr'>me</span> <span class='ocrx_word' id='word_1_110' title='bbox 728 2333 782 2398; x_wconf 89' lang='lat' dir='ltr'>hic</span> <span class='ocrx_word' id='word_1_111' title='bbox 810 2354 904 2398; x_wconf 91' lang='lat' dir='ltr'>usum</span> <span class='ocrx_word' id='word_1_112' title='bbox 936 2354 1010 2399; x_wconf 89' lang='lat' dir='ltr'>esse</span> <span class='ocrx_word' id='word_1_113' title='bbox 1034 2332 1146 2398; x_wconf 83' lang='lat' dir='ltr'>divina</span> <span class='ocrx_word' id='word_1_114' title='bbox 1168 2331 1319 2416; x_wconf 80' lang='lat' dir='ltr'>potentia</span> <span class='ocrx_word' id='word_1_115' title='bbox 1342 2353 1403 2417; x_wconf 93' lang='lat' dir='ltr'>pro</span> 
     </span>
     <span class='ocr_line' id='line_1_18' title="bbox 256 2444 1402 2532; baseline 0.003 -24"><span class='ocrx_word' id='word_1_116' title='bbox 256 2444 374 2525; x_wconf 92' lang='lat' dir='ltr'>medio,</span> <span class='ocrx_word' id='word_1_117' title='bbox 397 2467 461 2512; x_wconf 93' lang='lat' dir='ltr'>non</span> <span class='ocrx_word' id='word_1_118' title='bbox 479 2447 565 2528; x_wconf 85' lang='lat' dir='ltr'>qubd</span> <span class='ocrx_word' id='word_1_119' title='bbox 582 2448 849 2514; x_wconf 84' lang='lat' dir='ltr'>extraordinaria</span> <span class='ocrx_word' id='word_1_120' title='bbox 865 2448 975 2531; x_wconf 78' lang='lat' dir='ltr'>aliqua</span> <span class='ocrx_word' id='word_1_121' title='bbox 990 2448 1024 2513; x_wconf 90' lang='lat' dir='ltr'>vi</span> <span class='ocrx_word' id='word_1_122' title='bbox 1041 2469 1123 2532; x_wconf 91' lang='lat' dir='ltr'>opus</span> <span class='ocrx_word' id='word_1_123' title='bbox 1139 2447 1183 2513; x_wconf 88' lang='lat' dir='ltr'>sit</span> <span class='ocrx_word' id='word_1_124' title='bbox 1199 2448 1241 2513; x_wconf 92' lang='lat' dir='ltr'>ad</span> <span class='ocrx_word' id='word_1_125' title='bbox 1256 2450 1402 2513; x_wconf 86' lang='lat' dir='ltr'>mentem</span> 
     </span>
     <span class='ocr_line' id='line_1_19' title="bbox 256 2562 1404 2648; baseline 0.003 -23"><span class='ocrx_word' id='word_1_126' title='bbox 256 2563 277 2625; x_wconf 81' lang='lat' dir='ltr'>a</span> <span class='ocrx_word' id='word_1_127' title='bbox 300 2581 436 2644; x_wconf 91' lang='lat' dir='ltr'>corpore</span> <span class='ocrx_word' id='word_1_128' title='bbox 459 2563 691 2646; x_wconf 86' lang='lat' dir='ltr'>separandam,</span> <span class='ocrx_word' id='word_1_129' title='bbox 717 2564 775 2628; x_wconf 90' lang='lat' dir='ltr'>sed</span> <span class='ocrx_word' id='word_1_130' title='bbox 799 2563 885 2646; x_wconf 93' lang='lat' dir='ltr'>quia,</span> <span class='ocrx_word' id='word_1_131' title='bbox 910 2567 983 2629; x_wconf 81' lang='lat' dir='ltr'>cum</span> <span class='ocrx_word' id='word_1_132' title='bbox 1008 2564 1048 2630; x_wconf 89' lang='lat' dir='ltr'>de</span> <span class='ocrx_word' id='word_1_133' title='bbox 1068 2564 1137 2630; x_wconf 91' lang='lat' dir='ltr'>solo</span> <span class='ocrx_word' id='word_1_134' title='bbox 1153 2563 1223 2629; x_wconf 86' lang='lat' dir='ltr'>Deo</span> <span class='ocrx_word' id='word_1_135' title='bbox 1247 2562 1282 2626; x_wconf 92' lang='lat' dir='ltr'>in</span> <span class='ocrx_word' id='word_1_136' title='bbox 1305 2583 1404 2648; x_wconf 91' lang='lat' dir='ltr'>prae-</span> 
     </span>
    </p>
   </div>
   <div class='ocr_carea' id='block_1_6' title="bbox 255 2670 1406 2992">
    <p class='ocr_par' dir='ltr' id='par_1_8' title="bbox 255 2670 1406 2992">
     <span class='ocr_line' id='line_1_20' title="bbox 256 2670 1404 2763; baseline 0.003 -23"><span class='ocrx_word' id='word_1_137' title='bbox 256 2677 450 2744; x_wconf 87' lang='lat' dir='ltr'>cedentibus</span> <span class='ocrx_word' id='word_1_138' title='bbox 478 2677 614 2760; x_wconf 85' lang='lat' dir='ltr'>egerim,</span> <span class='ocrx_word' id='word_1_139' title='bbox 646 2700 711 2745; x_wconf 93' lang='lat' dir='ltr'>non</span> <span class='ocrx_word' id='word_1_140' title='bbox 742 2670 832 2745; x_wconf 90' lang='lat' dir='ltr'>aliud</span> <span class='ocrx_word' id='word_1_141' title='bbox 861 2679 962 2745; x_wconf 91' lang='lat' dir='ltr'>habui</span> <span class='ocrx_word' id='word_1_142' title='bbox 992 2701 1055 2762; x_wconf 91' lang='lat' dir='ltr'>quo</span> <span class='ocrx_word' id='word_1_143' title='bbox 1086 2679 1135 2745; x_wconf 89' lang='lat' dir='ltr'>uti</span> <span class='ocrx_word' id='word_1_144' title='bbox 1163 2699 1310 2763; x_wconf 89' lang='lat' dir='ltr'>possem:</span> <span class='ocrx_word' id='word_1_145' title='bbox 1340 2699 1404 2744; x_wconf 91' lang='lat' dir='ltr'>nec</span> 
     </span>
     <span class='ocr_line' id='line_1_21' title="bbox 255 2792 1406 2880; baseline 0.002 -24"><span class='ocrx_word' id='word_1_146' title='bbox 255 2792 362 2858; x_wconf 85' lang='lat' dir='ltr'>refert</span> <span class='ocrx_word' id='word_1_147' title='bbox 384 2795 405 2858; x_wconf 78' lang='lat' dir='ltr'>a</span> <span class='ocrx_word' id='word_1_148' title='bbox 428 2800 493 2875; x_wconf 83' lang='lat' dir='ltr'>qua</span> <span class='ocrx_word' id='word_1_149' title='bbox 514 2793 666 2878; x_wconf 82' lang='lat' dir='ltr'>potentia</span> <span class='ocrx_word' id='word_1_150' title='bbox 689 2795 773 2860; x_wconf 91' lang='lat' dir='ltr'>duae</span> <span class='ocrx_word' id='word_1_151' title='bbox 797 2815 852 2860; x_wconf 87' lang='lat' dir='ltr'>res</span> <span class='ocrx_word' id='word_1_152' title='bbox 875 2800 1082 2880; x_wconf 90' lang='lat' dir='ltr'>separentur,</span> <span class='ocrx_word' id='word_1_153' title='bbox 1107 2798 1145 2862; x_wconf 94' lang='lat' dir='ltr'>ut</span> <span class='ocrx_word' id='word_1_154' title='bbox 1159 2795 1251 2879; x_wconf 89' lang='lat' dir='ltr'>ipsas</span> <span class='ocrx_word' id='word_1_155' title='bbox 1266 2794 1406 2860; x_wconf 88' lang='lat' dir='ltr'>realiter</span> 
     </span>
     <span class='ocr_line' id='line_1_22' title="bbox 257 2906 800 2992; baseline 0.007 -20"><span class='ocrx_word' id='word_1_156' title='bbox 257 2906 432 2974; x_wconf 89' lang='lat' dir='ltr'>distinctas</span> <span class='ocrx_word' id='word_1_157' title='bbox 455 2929 528 2974; x_wconf 89' lang='lat' dir='ltr'>esse</span> <span class='ocrx_word' id='word_1_158' title='bbox 553 2930 800 2992; x_wconf 85' lang='lat' dir='ltr'>cognoscamus.</span> 
     </span>
    </p>
   </div>
   <div class='ocr_carea' id='block_1_7' title="bbox 0 0 1604 4870">
    <p class='ocr_par' dir='ltr' id='par_1_9' title="bbox 0 0 1604 4870">
     <span class='ocr_line' id='line_1_23' title="bbox 0 0 1604 4870; baseline 0 0"><span class='ocrx_word' id='word_1_159' title='bbox 0 0 1604 4870; x_wconf 95' lang='lat' dir='ltr'> </span> 
     </span>
    </p>
   </div>
  </div>
 </body>
</html>
