3188 4876
258 388 301 450 46
515 379 645 450 synopsis
664 379 718 435 Sex
737 379 911 448 sequentium
929 379 1144 435 Meditationum.

259 599 333 644 esse
364 599 384 644 a
415 586 516 648 causa
545 599 673 644 summe
704 577 869 662 perfecta,
905 578 992 660 quod
1024 577 1069 642 ibi
1102 577 1288 645 illustratur
1318 601 1407 646 com-

258 694 432 778 paratione
470 694 644 760 machinae
682 695 779 759 valde
818 693 1003 777 perfectae,
1044 693 1136 759 cuius
1170 693 1246 760 idea
1281 698 1334 761 est
1372 697 1407 762 iu

259 815 371 877 mente
392 811 529 876 alicuius
550 810 702 889 artificis,
724 813 763 875 ut
781 809 870 874 enim
891 808 1067 874 artificium
1088 809 1288 876 obiectivum
1308 811 1407 877 huius

259 926 353 992 ideae
375 926 474 992 debet
491 926 616 991 habere
637 924 780 1010 aliquam
802 945 947 1005 causam,
972 946 1090 1010 nempe
1114 925 1289 991 scientiam
1308 927 1408 992 huius

259 1041 407 1121 artificis,
431 1043 484 1128 vel
514 1041 651 1108 alicuius
679 1040 817 1106 alterius
841 1060 861 1105 a
885 1062 949 1122 quo
977 1041 1067 1106 illam
1091 1042 1230 1126 accepit,
1259 1042 1308 1108 ita
1331 1043 1409 1109 idea

260 1158 331 1237 Dei,
353 1179 437 1240 quae
458 1159 492 1224 in
512 1156 607 1224 nobis
628 1161 690 1237 est,
713 1179 777 1222 non
798 1159 912 1241 potest
934 1178 999 1222 non
1022 1156 1146 1222 habere
1169 1158 1276 1223 Deum
1298 1159 1406 1242 ipsum

259 1294 319 1357 pro
343 1281 452 1339 causa.

365 1406 403 1471 In
427 1409 547 1488 quarta
569 1405 729 1490 probatur
753 1427 793 1472 ea
817 1405 937 1485 omnia,
969 1425 1054 1487 quae
1079 1407 1167 1472 clare
1191 1411 1226 1472 et
1250 1407 1408 1474 distincte
1436 1384 1443 1396 ⁹

259 1521 470 1606 percipimus,
495 1543 569 1587 esse
593 1543 688 1587 vera:
714 1521 810 1586 simul
833 1521 867 1586 in
886 1543 949 1603 quo
965 1521 1052 1587 ratio
1068 1521 1229 1588 falsitatis
1246 1523 1409 1590 consistat

260 1637 460 1720 explicatur:
494 1657 579 1719 quae
615 1636 803 1703 necessario
836 1636 914 1702 sciri
947 1636 1070 1702 debent
1099 1639 1169 1702 tarn
1200 1639 1242 1703 ad
1271 1658 1409 1722 praece-

260 1754 374 1819 dentia
405 1755 578 1834 firmanda,
612 1773 710 1836 quarn
745 1753 787 1818 ad
822 1752 949 1834 reliqua
980 1752 1206 1834 intelligenda.
1263 1753 1327 1819 Sed
1362 1753 1408 1818 ibi

260 1869 393 1935 interim
425 1874 477 1935 est
502 1869 742 1935 advertendum
773 1869 861 1934 nullo
891 1869 987 1934 modo
1018 1869 1074 1950 agi
1105 1869 1145 1933 de
1175 1871 1322 1952 peccato,
1353 1869 1408 1934 vel

260 2007 372 2051 errore
403 1985 458 2067 qui
489 1984 707 2050 committitur
738 1984 772 2049 in
802 1983 1033 2068 persecutione
1063 1984 1200 2049 boniet
1229 1984 1317 2064 mali,
1348 1984 1407 2050 sed

260 2102 300 2167 de
325 2122 363 2166 eo
393 2104 525 2166 tantum
557 2100 612 2182 qui
641 2098 806 2181 contingit
828 2099 862 2164 in
887 2099 1121 2166 diiudicatione
1151 2100 1223 2165 veri
1254 2103 1288 2166 et
1318 2100 1405 2165 falsi.

260 2216 331 2282 Nec
359 2237 399 2282 ea
427 2216 582 2300 spectari,
614 2235 699 2298 quae
731 2215 773 2280 ad
803 2216 901 2280 fidem
932 2215 1112 2300 pertinent,
1142 2217 1196 2281 vel
1228 2217 1270 2281 ad
1301 2215 1406 2282 vitam

259 2334 433 2414 agendam,
458 2333 517 2398 sed
539 2335 670 2396 tanturn
687 2330 910 2414 speculativas
927 2329 962 2396 et
978 2330 1078 2396 solius
1093 2331 1227 2397 luminis
1243 2332 1406 2397 naturalis

259 2469 321 2531 ope
345 2447 496 2530 cognitas
520 2447 692 2512 veritates.

365 2582 403 2646 ln
420 2581 545 2662 quinta,
562 2583 797 2665 praeterquam
818 2579 905 2661 quod
920 2581 1041 2644 natura
1057 2601 1216 2664 corporea
1231 2580 1265 2645 in
1281 2601 1406 2662 genere

260 2699 393 2780 sumpta
422 2696 618 2780 explicatur,
649 2703 736 2761 nova
765 2695 867 2761 etiam
890 2695 1020 2762 ratione
1044 2695 1107 2760 Dei
1137 2695 1319 2761 existentia
1349 2696 1407 2761 de-

260 2814 479 2877 monstratur:
512 2811 572 2876 sed
604 2811 638 2877 in
668 2819 733 2893 qua
762 2833 877 2876 rursus
907 2811 1083 2877 nonnullae
1114 2811 1202 2877 forte
1233 2815 1407 2877 occurrent

261 2926 485 3007 difficultates,
525 2947 610 3008 quae
645 2929 764 3011 postea
801 2927 835 2991 in
870 2926 1085 3010 responsione
1124 2926 1166 2991 ad
1205 2926 1407 2992 obiectiones

259 3043 482 3108 resolventur:
516 3063 555 3107 ac
588 3041 728 3124 denique
761 3041 948 3108 ostenditur
983 3063 1046 3123 quo
1078 3045 1177 3126 pacto
1211 3063 1327 3107 verum
1363 3041 1408 3106 sit

259 3158 406 3242 ipsarum
442 3158 722 3225 Geometricarum
759 3156 1078 3223 demonstrationum
1118 3157 1351 3223 certitudinem
1387 3177 1407 3221 a

260 3273 448 3356 cognitione
472 3272 533 3338 Dei
556 3274 711 3357 pendere.

366 3406 405 3471 In
421 3409 519 3471 sexta
535 3406 675 3488 denique
691 3405 871 3471 intellectio
893 3405 934 3470 ab
950 3404 1190 3487 imaginatione
1206 3405 1406 3484 secernitur3

261 3521 510 3587 distinctionum
534 3521 631 3603 signa
652 3521 897 3587 describuntur:
921 3524 1068 3586 mentem
1083 3521 1219 3587 realiter
1236 3541 1407 3605 acorpore

261 3636 431 3719 distingui,
455 3637 630 3721 probatur:
655 3637 795 3703 eandem
818 3635 1030 3702 nihilominus
1053 3639 1123 3700 tam
1147 3639 1239 3702 arcte
1262 3636 1309 3700 illi
1333 3657 1407 3701 esse

261 3753 481 3833 coniunctam,
506 3756 543 3818 ut
566 3774 666 3818 unum
691 3751 769 3834 quid
796 3773 870 3817 cum
893 3751 966 3836 ipsa
990 3755 1175 3836 componat,
1205 3751 1406 3829 ostenditur3

261 3890 375 3934 omnes
414 3889 544 3935 errores
577 3868 632 3951 qui
667 3889 687 3933 a
720 3867 871 3933 sensibus
903 3866 983 3932 oriri
1017 3867 1139 3947 solent,
1176 3870 1406 3945 recensentur,

261 3983 348 4050 modi
373 3984 491 4066 quibus
515 3984 615 4051 vitari
643 3983 773 4069 possint
800 3986 1024 4068 exponuntur:
1049 3987 1084 4049 et
1100 3983 1241 4066 denique
1260 3982 1408 4049 rationes

261 4119 375 4164 omnes
399 4121 443 4165 ex
465 4100 584 4182 quibus
606 4120 717 4165 rerum
742 4098 963 4165 materialium
992 4098 1174 4165 existentia
1200 4099 1307 4183 possit
1330 4119 1409 4164 con-
