3186 4870
697 411 846 481 Appendix.
1279 418 1343 482 239

197 608 354 675 iectivum
387 612 451 675 etc.
508 608 596 674 Nam
632 629 846 691 quaecunque
880 609 1081 693 percipimus
1116 613 1274 692 tanquam
1309 609 1343 676 in

195 725 346 790 idearum
369 723 518 805 obiectis,
543 745 583 790 ea
606 728 683 790 sunt
707 724 741 788 in
764 723 846 808 ipsis
867 723 952 790 ideis
976 723 1148 791 obiective.

303 848 359 915 IV.
382 849 509 914 Eadem
525 849 678 915 dicuntur
693 869 768 914 esse
781 850 964 932 formaliter
978 848 1013 914 in
1028 849 1177 915 idearum
1194 848 1342 928 obiectis,

197 963 328 1045 quando
351 965 433 1031 talia
457 967 535 1030 sunt
558 963 592 1030 in
614 963 707 1049 ipsis,
737 964 847 1047 qualia
874 964 932 1030 illa
959 964 1174 1050 percipimus3
1205 969 1240 1032 et
1268 968 1342 1031 auoi-

197 1087 315 1164 oeater,
340 1079 471 1162 quando
493 1102 558 1146 non
579 1079 711 1162 quidem
735 1079 818 1144 talia
841 1083 928 1161 sunt,
953 1080 1012 1146 sed
1035 1083 1141 1162 tanta,
1165 1084 1204 1146 ut
1225 1079 1342 1146 talium

194 1193 302 1260 ricem
326 1196 480 1281 supplere
502 1195 642 1280 possint.
681 1275 683 1280 ,

303 1321 351 1388 V„
368 1320 483 1386 Omnis
499 1341 554 1386 res
570 1321 622 1386 oui
638 1321 727 1386 inest
741 1321 944 1402 immediate,
968 1324 1006 1387 ut
1029 1320 1064 1386 in
1088 1320 1246 1402 subiecto,
1271 1320 1343 1387 sive

195 1455 377 1520 perquam
407 1435 524 1501 existit
554 1436 688 1518 aliquid,
719 1436 806 1518 quod
829 1437 1039 1521 percipimus
1071 1437 1134 1502 hoo
1158 1437 1210 1503 est
1232 1437 1343 1520 alique

195 1541 383 1635 proprietas
413 1549 485 1616 sive
509 1551 662 1633 qualitas,
693 1551 764 1616 sive
789 1551 997 1632 attributum,
1028 1552 1120 1618 cuius
1143 1552 1243 1618 realis
1266 1551 1343 1618 idea

194 1665 228 1729 in
257 1666 352 1731 nobis
380 1670 442 1747 est,
470 1669 610 1732 vocatur
632 1670 818 1733 substantio.
864 1666 982 1749 Neque
1013 1667 1100 1733 enim
1129 1667 1235 1752 ipsius
1265 1667 1342 1732 sub·

195 1781 341 1848 stantiae
364 1782 514 1867 praecise
538 1786 691 1867 sumptae
714 1782 815 1848 aliam
838 1782 999 1848 habemus
1014 1782 1123 1848 ideam
1140 1803 1239 1864 quam
1255 1782 1342 1864 quod

195 1896 240 1962 sit
262 1918 327 1978 res,
351 1897 386 1963 in
409 1905 474 1981 qua
497 1897 692 1979 formaliter,
716 1899 770 1965 vel
786 1898 971 1982 eminenter
991 1898 1108 1964 exist‘t
1123 1897 1203 1963 illud
1219 1896 1342 1980 aliquid

194 2013 281 2095 quod
304 2013 514 2098 percipimus,
538 2013 610 2079 sive
631 2013 718 2096 quod
734 2017 787 2080 est
802 2013 967 2080 obiective
981 2013 1016 2079 in
1033 2013 1143 2096 aliqua
1159 2034 1202 2079 ex
1217 2013 1341 2078 nostris

193 2128 287 2208 ideis,
323 2129 400 2211 quia
430 2128 574 2195 naturali
604 2128 728 2194 lumine
758 2132 873 2195 notum
904 2132 957 2195 est
987 2130 1110 2194 nullum
1141 2149 1216 2194 esse
1242 2149 1341 2212 posse

77 2311 81 2316 ,
193 2243 286 2309 nihili
310 2245 400 2310 reale
423 2245 632 2311 attributum.

298 2369 354 2436 VI.
389 2367 593 2451 Substantia,
617 2369 670 2435 cui
693 2369 781 2436 inest
796 2369 988 2436 immediate
1005 2368 1175 2452 cogitatio,
1199 2370 1338 2434 vocatur

194 2506 294 2550 mons:
325 2485 441 2568 loquor
468 2488 580 2552 autem
607 2486 661 2551 hic
690 2485 730 2551 de
753 2488 865 2551 mente
888 2485 999 2570 potius
1030 2504 1128 2567 quam
1153 2483 1193 2548 de
1217 2482 1338 2560 anima,

194 2597 348 2678 quoniam
378 2600 509 2665 animae
537 2621 658 2666 nomen
688 2604 741 2667 est
769 2601 986 2683 aequivocum
1017 2603 1052 2666 et
1082 2619 1182 2683 saepe
1211 2620 1271 2682 pro
1301 2619 1338 2664 re
1444 2657 1446 2661 ,
1500 2602 1503 2607 ’

193 2732 351 2795 corporea
373 2717 562 2798 usurpatur.

299 2837 371 2902 VII.
403 2837 607 2919 Substantia,
635 2858 720 2920 quae
744 2841 797 2904 est
820 2838 1005 2905 subiectum
1027 2838 1255 2905 immediatum
1279 2859 1337 2904 ex-

192 2950 354 3017 tensionis
384 2952 507 3035 localis,
537 2956 572 3019 et
601 2953 832 3035 accidentium,
866 2976 951 3037 quae
981 2953 1211 3021 extensionem
1240 2973 1337 3038 prae-

192 3071 391 3151 supponunt,
430 3070 467 3133 ut
500 3069 638 3151 figurae,
678 3068 772 3150 situs,
809 3073 919 3136 motus
953 3069 1067 3134 localis
1100 3072 1162 3135 etc.
1198 3072 1337 3134 vocatur

191 3204 314 3268 corpus.
376 3182 430 3249 An
472 3189 552 3250 vero
595 3204 662 3250 una
700 3187 735 3251 et
773 3185 889 3250 eadem
933 3165 1122 3251 substantia
1165 3183 1210 3250 sit
1252 3204 1337 3266 quae

139 3309 141 3315 ’
190 3301 331 3363 vocatur
353 3320 447 3365 mens
471 3302 506 3365 et
529 3321 657 3384 corpus,
686 3321 730 3365 an
754 3300 838 3366 duae
862 3299 1024 3381 diversae,
1053 3303 1172 3385 postea
1197 3300 1261 3367 erit
1286 3300 1336 3364 in-

191 3411 396 3494 quirendum.

298 3538 385 3604 VIII.
419 3537 614 3606 Substantia
637 3560 734 3622 quam
759 3545 885 3606 summe
908 3539 1092 3624 perfectam
1117 3560 1191 3605 esse
1213 3537 1335 3606 intolli-

192 3650 310 3733 gimus,
342 3655 376 3718 et
399 3651 434 3718 in
457 3674 522 3736 qua
545 3654 627 3720 nihil
649 3656 747 3740 plane
771 3655 973 3741 concipimus
1001 3655 1088 3738 quod
1111 3654 1254 3736 aliquem
1278 3654 1335 3720 de-

190 3766 315 3832 fectum
334 3767 406 3833 sive
421 3769 637 3852 perfectionis
651 3771 884 3837 limitationem
900 3770 1060 3851 involvat,
1082 3771 1170 3836 Dono
1185 3772 1333 3835 vocatur.

297 3891 352 3959 IX.
389 3892 469 3958 Oum
504 3892 582 3975 quid
622 3894 760 3961 dicimus
793 3895 828 3960 in
860 3894 998 3960 alicuius
1031 3892 1081 3959 rei
1114 3897 1234 3960 natura
1272 3896 1335 3960 stoa

189 4017 335 4094 conceptu
365 4011 528 4090 contineri,
557 4009 645 4075 idem
676 4014 728 4076 est
756 4031 796 4076 ac
823 4010 852 4076 si
883 4011 1081 4077 diceremus:
1112 4009 1146 4075 id
1170 4009 1211 4074 de
1234 4029 1275 4074 ea
1298 4030 1335 4075 re

188 4143 304 4188 verum
329 4144 412 4205 esse,
437 4123 509 4190 sive
533 4124 573 4190 de
596 4124 670 4209 ipsa
692 4147 790 4210 posse
814 4125 983 4192 affirmari.
