3204 4874
281 401 342 464 156
717 397 858 452 Meditatio
876 397 985 462 Quarta.

279 599 314 662 et
343 596 428 662 bono
460 591 616 675 deflectit,
648 597 752 678 atque·
779 594 829 662 ita
859 598 894 661 et
923 595 1020 661 fallor
1049 598 1085 661 et
1113 616 1223 680 pecco.
1271 595 1423 681 Exempli

279 719 389 792 causa,
414 715 487 778 cum
511 711 737 779 examinarem
760 711 852 777 hisce
876 710 1001 792 diebus,
1031 731 1074 777 an
1097 710 1221 793 aliquid
1244 711 1279 776 in
1302 712 1424 778 mundo

279 827 451 909 existeret,
475 830 575 910 atque
599 827 810 893 adverterem
833 848 876 893 ex
900 827 962 893 hoc
985 827 1058 912 ipso
1081 827 1168 910 quod
1191 827 1270 893 illud
1296 829 1422 894 exami-

278 964 403 1024 narem,
428 942 601 1010 evidenter
624 943 717 1026 sequi
741 965 794 1009 me
817 943 973 1022 existere,
998 964 1063 1009 non
1086 942 1179 1028 potui
1204 944 1336 1026 quidem
1358 966 1424 1010 non

278 1058 426 1125 iudicare
449 1058 529 1124 illud
552 1059 639 1142 quod
662 1062 732 1125 tam
756 1060 845 1126 clare
868 1058 1094 1142 intelligebam
1110 1080 1225 1125 verum
1250 1081 1334 1141 esse,
1358 1083 1424 1126 non

279 1175 366 1257 quod
401 1175 443 1239 ab
474 1173 584 1257 aliqua
613 1175 646 1239 vi
677 1178 818 1241 externa
847 1175 969 1241 fuerim
999 1174 1041 1240 ad
1070 1175 1104 1240 id
1137 1175 1330 1260 coactus,³⁸)
1365 1177 1423 1242 sed

279 1289 356 1372 quia
389 1311 432 1356 ex
463 1297 586 1374 magns
614 1291 686 1356 luce
718 1291 753 1356 in
780 1291 953 1359 intellectu
983 1311 1107 1376 magua
1138 1296 1342 1376 consequuta
1372 1298 1425 1360 est

278 1405 454 1491 propensio
484 1405 519 1471 in
549 1405 733 1486 voluntate,
766 1410 866 1490 atqde
896 1408 944 1474 ita
975 1411 1070 1475 tanto
1102 1408 1210 1492 magis
1240 1413 1358 1494 sponte
1389 1414 1424 1476 et
1507 1401 1508 1404 ¹

277 1521 380 1588 libere
403 1521 484 1587 illud
504 1521 642 1602 credidi,
675 1527 798 1604 quanto
829 1523 937 1589 minus
968 1524 1015 1589 fui
1044 1524 1086 1590 ad
1116 1524 1206 1591 istud
1235 1524 1343 1610 ipsum
1372 1525 1423 1590 in-

279 1637 492 1723 differens.³⁹)
543 1637 640 1704 Nunc
670 1641 782 1704 autem
813 1661 877 1706 non
907 1643 1037 1706 tantum
1068 1641 1136 1708 scio
1164 1655 1227 1723 me,
1259 1644 1423 1724 quatenus

279 1775 351 1818 sum
374 1775 429 1820 res
453 1754 614 1836 quaedam
644 1754 806 1838 cogitans,
837 1754 993 1837 existere,
1025 1757 1083 1823 sed
1114 1761 1291 1843 praeterea
1322 1757 1423 1824 etiam

278 1869 354 1936 idea
378 1870 541 1953 quaedam
563 1873 704 1936 naturae
721 1892 899 1956 corporeae
914 1872 995 1938 mihi
1012 1874 1219 1955 obversatur,
1244 1873 1423 1960 contingit-

277 2006 341 2069 que
365 1989 402 2051 ut
430 1985 577 2053 dubitem
608 2007 651 2052 an
679 1989 800 2053 natura
831 1989 982 2072 cogitans
1013 2011 1098 2072 quae
1127 1991 1162 2055 in
1192 2012 1245 2056 me
1276 1993 1338 2072 est,
1369 1992 1422 2058 vel

277 2089 388 2187 potius
412 2123 496 2185 quae
521 2124 583 2186 ego
606 2102 677 2187 ipse
702 2124 784 2184 sum,
809 2103 874 2169 alia
897 2105 942 2171 sit
965 2106 1008 2171 ab
1030 2105 1097 2172 ists
1118 2110 1238 2173 natura
1254 2106 1422 2192 corporea,

277 2218 331 2284 vel
354 2238 396 2285 an
421 2219 538 2284 ambae
565 2219 654 2285 idem
677 2219 810 2300 sint340)
842 2223 877 2286 et
907 2243 1055 2307 suppono
1085 2223 1208 2287 nullam
1234 2222 1342 2288 adhuc
1372 2222 1423 2290 iu-

277 2334 424 2401 tellectui
447 2356 521 2402 meo
549 2335 712 2404 rationem
744 2357 927 2418 occurrere,
959 2358 1043 2420 quae
1072 2336 1154 2403 mihi
1184 2360 1285 2403 unum
1314 2340 1423 2422 magis

277 2471 376 2533 quam
407 2451 496 2516 aliud
526 2451 737 2536 persuadeat,
769 2455 859 2518 certe
888 2473 930 2518 ex
954 2453 1016 2521 hcc
1039 2453 1111 2538 ipso
1135 2475 1207 2520 sum
1231 2453 1422 2522 indifferens

278 2565 321 2630 ad
343 2565 537 2632 utrumlibet
571 2567 803 2633 affirmandum
835 2570 888 2634 vel
921 2569 1119 2652 negandum,
1156 2570 1208 2636 vel
1244 2571 1344 2637 etiam
1379 2573 1422 2638 ad

278 2681 361 2747 nihil
395 2682 436 2748 de
469 2689 509 2748 ea
540 2703 577 2748 re
609 2682 878 2770 iudicandum.41)
935 2685 1085 2764 Quinimc
1121 2686 1223 2752 etiam
1257 2687 1340 2754 haec
1372 2687 1422 2752 in-

279 2798 466 2864 differentia
494 2821 559 2866 non
590 2799 632 2864 ad
662 2819 702 2865 ea
732 2803 863 2866 tantum
895 2822 930 2867 se
961 2801 1123 2883 extendit,
1155 2801 1195 2867 de
1226 2802 1344 2885 quibus
1372 2803 1424 2869 in-

278 2914 431 2980 tellectus
461 2914 542 2980 nihil
574 2915 672 3000 plane
701 2917 885 3007 cognoscit,
919 2917 977 2983 sed
1009 2917 1211 3000 generaliter
1241 2919 1283 2984 ad
1313 2920 1424 2986 omnia

277 3051 362 3113 quae
387 3029 499 3098 abillo
523 3030 688 3096 nonsatis
715 3031 888 3117 perspicue
912 3036 1157 3114 cognoscuntur
1180 3054 1218 3100 ec
1242 3034 1315 3119 ipso
1338 3038 1423 3101 tem-

278 3166 368 3231 pore,
394 3167 456 3229 quo
481 3146 522 3211 de
544 3145 586 3212 iis
610 3167 630 3212 a
652 3147 825 3215 voluntate
850 3148 1067 3229 deliberatum
1099 3151 1312 3231 quantumvis
1335 3151 1422 3216 euim

277 3261 465 3347 probabiles
496 3261 706 3329 coniecturae
734 3285 787 3330 me
817 3264 956 3331 trahant
984 3265 1019 3330 in
1051 3285 1149 3331 unam
1180 3269 1321 3350 partem,
1352 3267 1424 3333 sola

278 3377 423 3458 cognitio
451 3377 539 3460 quod
562 3379 630 3445 sint
659 3381 789 3445 tantum
820 3379 1040 3461 coniecturae,
1071 3402 1138 3449 non
1167 3386 1280 3448 autem
1311 3386 1424 3448 certae

278 3495 379 3574 atque
402 3492 638 3559 indubitabiles
666 3495 822 3577 rationes,
852 3495 976 3561 sufficit
999 3496 1041 3561 ad
1065 3497 1291 3563 assensionem
1314 3518 1424 3564 meam

277 3607 311 3672 in
335 3607 538 3676 contrarium
566 3608 803 3694 ,inpellendamz
834 3611 921 3695 quod
945 3611 1028 3677 satis
1052 3611 1104 3677 his
1128 3611 1244 3679 diebus
1268 3635 1340 3679 sum
1364 3635 1425 3680 ex-

278 3727 402 3808 pertus,
435 3728 508 3790 cum
539 3724 596 3791 illa
626 3726 736 3792 omnia
763 3748 848 3810 quae
875 3727 968 3812 prius
992 3730 1028 3793 ut
1053 3749 1133 3793 vera
1157 3750 1255 3811 quam
1279 3729 1425 3826 maxime

1343 3839 1412 3846 ...-

385 3876 419 3944 ³⁸)
438 3877 524 3932 Unter
542 3878 590 3932 der
610 3877 667 3942 ,vis
686 3880 812 3932 externa“
834 3879 871 3933 ist
887 3877 948 3949 jede
962 3878 1201 3947 Nothwendigkeit
1218 3897 1251 3934 zu
1269 3879 1425 3942 verstehen,

278 3967 319 4020 die
338 3966 414 4020 nicht
431 3984 485 4020 von
503 3984 555 4020 uns
573 3966 661 4020 selbst
678 3966 801 4036 ausgeht.

385 4054 420 4122 ⁸⁹)
439 4055 482 4107 An
506 4054 594 4108 dieser
617 4055 701 4110 Stelle
724 4056 790 4110 wird
814 4056 989 4124 eingertumt,
1016 4056 1081 4112 dass
1107 4058 1153 4110 der
1171 4056 1338 4112 Willensalxt
1364 4061 1427 4114 eine

277 4143 360 4212 Folge
378 4143 457 4197 mehr
475 4144 539 4198 oder
557 4144 662 4198 minder
679 4143 770 4199 klarcr
788 4144 968 4200 Erkenutniss
987 4146 1035 4200 sei.
