3204 4874
267 390 329 453 182
706 384 846 440 nessaeo
865 384 973 451 ome.

265 582 408 648 sibilium
437 581 602 664 imagines
632 582 869 665 cogitationem
900 603 1008 648 meam
1039 582 1128 649 omni
1159 603 1202 648 ex
1229 586 1326 668 parte
1355 585 1414 649 ob-

170 748 175 758 .
265 698 423 778 siderent,
446 697 529 763 nihil
551 697 607 764 illo
630 697 732 783 priua,
758 700 816 763 aut
839 697 969 764 facilius
988 718 1215 780 agnoscerem,
1239 699 1412 782 namquid

266 835 368 880 exse
396 816 449 880 est
479 814 637 899 apertius,
669 835 767 896 quam
798 835 962 907 summum
993 835 1052 880 ens
1083 835 1167 892 esse,
1199 813 1270 880 sive
1294 815 1413 895 Deum,

266 930 308 995 ad
342 930 435 995 cuius
470 929 571 995 solius
610 930 791 996 essentiam
830 930 1011 996 existentia
1048 930 1205 1014 pertinet,
1245 929 1414 997 existere?

265 1045 376 1129 Atque
399 1045 551 1128 quamvis
580 1044 662 1110 mihi
690 1048 823 1110 attenta
850 1045 1115 1112 consideratione
1139 1067 1221 1130 opus
1244 1045 1347 1112 fuerit
1369 1047 1412 1112 ad

265 1161 327 1228 hoc
359 1161 467 1247 ipsum
500 1160 762 1246 percipiendum,
800 1183 887 1227 nuuc
921 1165 1035 1228 tamen
1069 1183 1134 1227 nou
1168 1161 1264 1227 modo
1299 1162 1340 1227 de
1373 1182 1413 1228 eo

266 1298 370 1361 aeque
402 1280 514 1343 certus
553 1299 635 1357 sum,
675 1298 714 1343 ac
753 1277 794 1342 de
832 1277 921 1343 omni
959 1277 1024 1344 alio
1065 1277 1152 1359 quod
1190 1276 1412 1343 certissimum

265 1393 412 1472 videtum
459 1392 518 1459 sed
560 1396 736 1478 praeterea
780 1393 880 1458 etiam
927 1392 1157 1458 animadverto
1204 1395 1411 1458 caeterarum

265 1530 375 1575 rerum
400 1508 632 1574 certitudinem
657 1509 698 1574 ab
722 1509 785 1574 hoc
807 1508 879 1592 ipso
903 1508 953 1574 ita
975 1508 1132 1592 pendere,
1163 1511 1201 1574 ut
1224 1509 1348 1590 absque
1372 1528 1413 1574 eo

265 1623 347 1689 nihil
370 1644 515 1706 unquam
537 1624 687 1708 perfecte
710 1623 788 1689 sciri
811 1624 975 1709 possitll)

371 1739 445 1805 Etsi
469 1739 556 1806 enim
580 1738 651 1805 eius
675 1738 737 1804 sim
760 1741 902 1804 naturae
924 1741 963 1804 ut
986 1739 1142 1821 quamdiu
1166 1739 1290 1822 ahquid
1313 1740 1412 1806 valde

265 1854 354 1921 clare
377 1860 412 1922 et
436 1855 592 1921 distincte
615 1854 761 1939 percipio
785 1876 851 1920 non
880 1855 1004 1940 possim
1034 1877 1100 1921 non
1130 1856 1266 1922 credere
1295 1876 1411 1921 verum

265 1991 349 2051 esse,
381 1971 459 2053 quia
487 1974 601 2036 tamen
632 1969 702 2036 eius
734 1970 836 2036 etiam
867 1991 940 2035 sum
967 1974 1108 2037 naturae
1138 1973 1176 2036 ut
1200 1993 1266 2037 non
1288 1970 1411 2056 possim

265 2087 417 2153 obtutum
452 2086 574 2152 mentis
607 2087 641 2152 in
676 2087 814 2152 eandem
854 2107 925 2152 rem
964 2107 1095 2171 semper
1134 2086 1330 2170 defigor-0⁸⁷)
1369 2087 1412 2151 ad

264 2202 354 2267 iham
380 2203 469 2268 clare
492 2201 749 2287 percipiendam,
773 2205 991 2284 recurratque
1007 2223 1107 2288 saepe
1123 2202 1284 2269 memoria
1298 2201 1411 2267 iudicii

265 2321 343 2383 ante
374 2317 472 2396 facti3
503 2321 576 2384 cum
607 2339 672 2383 non
701 2317 843 2402 amplius
872 2318 1010 2384 attendo
1039 2318 1081 2383 ad
1103 2318 1252 2383 rationes
1275 2321 1413 2403 propter

265 2454 347 2516 quas
377 2434 446 2500 tale
477 2434 555 2517 quid
587 2433 742 2514 iudicavi,
775 2424 924 2499 rationes
957 2433 1092 2517 aliae⁸⁸)
1129 2433 1241 2499 afferri
1272 2436 1413 2519 possunt

265 2569 349 2631 quae
372 2570 436 2629 me,
461 2548 489 2615 si
505 2550 611 2624 Deum
635 2550 836 2632 ignorarem,
860 2549 959 2616 facile
983 2549 1024 2614 ab
1049 2549 1202 2634 opinione
1218 2549 1411 2630 delicerent,

265 2667 364 2746 atque
388 2664 438 2730 ita
461 2664 501 2730 de
525 2665 614 2730 nulla
636 2685 781 2747 unquam
811 2685 848 2730 re
871 2685 987 2730 veram
1011 2667 1046 2730 et
1068 2667 1195 2731 certam
1225 2665 1412 2743 scientiam,

264 2781 323 2846 sed
346 2801 452 2863 vagas
475 2783 606 2846 tautum
631 2783 665 2846 et
688 2780 865 2846 mutabiles
888 2779 1060 2864 opiniones
1082 2779 1299 2865 haberemll)
1346 2780 1411 2861 Sic,

264 2896 406 2980 exempli
438 2903 548 2977 causa,
582 2899 656 2961 chm
687 2899 842 2961 naturam
872 2895 1030 2978 trianguli
1061 2895 1244 2976 considero,
1275 2895 1412 2961 eviden-

265 3013 392 3078 tissime
420 3011 552 3095 quidem
582 3010 673 3092 mihi,
705 3015 821 3095 utpote
845 3011 1061 3078 Geometriee.
1078 3011 1250 3097 principiis
1272 3011 1410 3092 imbute,

265 3131 404 3212 apparet
427 3127 498 3193 eius
522 3131 592 3193 tres
616 3128 755 3210 angulos
778 3127 934 3209 aequales
958 3115 1033 3193 esse
1059 3127 1185 3193 duobus
1208 3127 1324 3206 rectis3
1349 3147 1412 3192 nec

264 3265 398 3328 possum
428 3265 494 3308 non
524 3243 660 3309 credere
690 3242 725 3308 id
753 3264 870 3308 verum
893 3262 967 3308 esse
997 3243 1155 3325 quamdiu
1185 3243 1227 3308 ad
1257 3241 1329 3308 eius
1353 3242 1411 3307 de-

265 3357 538 3424 monstrationem
567 3358 719 3436 attend03
749 3358 807 3424 sed
831 3358 946 3424 statim
969 3362 1069 3441 atque
1092 3358 1215 3423 inentis
1239 3358 1344 3424 aciem
1367 3358 1411 3422 ab

372 3553 406 3622 ³⁶)
426 3552 587 3620 Gegenhber
606 3553 654 3607 der
671 3553 790 3607 Evideuz
809 3571 863 3608 von
881 3553 978 3609 Gottes
996 3553 1098 3607 Dasein
1122 3570 1198 3607 muss
1217 3553 1259 3607 die
1278 3551 1412 3607 sinnliche

264 3643 319 3697 und
336 3641 561 3697 mathematische
574 3641 738 3698 Gewissheit
756 3643 832 3697 nicht
849 3643 924 3698 bloss
942 3642 1140 3708 mmdclrtreten,
1159 3643 1276 3698 scudem
1288 3643 1342 3697 alle
1355 3642 1411 3696 und

261 3731 323 3802 jede
343 3730 507 3786 Gewissheit
525 3730 613 3785 erhdlt
631 3730 689 3784 ihre
707 3729 790 3786 lelzte
809 3731 1015 3800 Bcglaubigung
1040 3736 1096 3787 erst
1115 3731 1198 3786 durch
1217 3733 1271 3787 und
1289 3732 1317 3785 in
1336 3731 1412 3787 eote.

264 3821 329 3875 Hier
347 3821 395 3875 hut
412 3819 647 3875 Malebrauche
667 3819 845 3890 augeknlipft.

285 3925 286 3929 ’
372 3927 406 3996 ⁸⁷)
418 3926 460 3980 Im
473 3926 581 3982 Schlafe
595 3927 659 3980 oder
671 3927 699 3980 in
711 3928 760 3980 der
774 3926 910 3994 tigliohen
923 3926 1143 3995 Geschaftigkeit
1154 3924 1260 3995 pflegen
1272 3924 1322 3978 wir
1334 3924 1414 3979 nicht

201 4039 210 4066 κ
264 4017 356 4084 uigens
375 4033 410 4070 an
432 4016 499 4071 Gott
516 4033 549 4069 zu
568 4016 683 4081 denken,
710 4015 779 4070 auch
798 4015 931 4070 wechselt
953 4015 1001 4069 der
1019 4015 1194 4084 Gegenstund
1217 4014 1267 4068 mit
1292 4013 1344 4067 den
1363 4014 1412 4067 Af-

262 4105 357 4160 fekten
377 4105 426 4158 des
445 4104 602 4158 Meuschen.
