3188 4876
298 393 340 456 32
696 383 832 438 Praefatio
850 383 885 438 ad
902 383 1040 436 lectorem.

300 584 453 650 munibus
481 584 644 649 mutuatis
672 581 967 666 impugnabantur:
998 580 1044 646 ut
1074 579 1228 662 quoniam
1258 578 1444 646 istiusmodi

301 703 498 783 argumenta
514 699 639 765 nullam
654 698 722 763 vim
741 698 866 763 habere
882 699 1021 781 possunt
1038 696 1125 780 apud
1141 717 1208 778 eos,
1226 697 1281 779 qui
1296 696 1445 762 rationes
1545 727 1546 736 ¹

301 836 393 881 meas
429 815 627 898 intelligent,
661 814 810 895 adeoque
840 815 1058 898 praepostera
1090 815 1126 878 et
1156 812 1334 878 imbecillia
1368 814 1446 878 sunt
1545 837 1546 888 4

301 931 478 997 multorum
506 930 638 1011 iudicia,
667 934 706 996 ut
727 928 835 1011 magis
859 949 879 994 a
902 928 1044 1012 primum
1068 928 1214 1013 acceptis
1238 929 1446 1014 opinionibus
1545 971 1546 984 κ

256 1029 259 1038 ’
302 1047 514 1130 quantumvis
538 1046 642 1126 falsis,
667 1049 702 1111 et
725 1065 745 1110 a
767 1044 898 1110 ratione
916 1044 1033 1110 alienis
1048 1045 1322 1129 persuadeantur,
1348 1066 1447 1127 quam
1545 1057 1546 1130 t

303 1169 427 1228 svera
451 1165 485 1228 et
508 1163 603 1227 firma
626 1161 686 1227 sed
715 1160 881 1248 posterius
912 1160 1026 1226 audita
1055 1161 1203 1247 ipsarum
1231 1161 1445 1241 refutatione,

303 1279 377 1344 nolo
407 1278 461 1342 hic
489 1278 531 1343 ad
560 1277 617 1341 illa
645 1277 846 1360 respondere
876 1297 918 1341 ne
949 1276 1029 1340 mihi
1053 1277 1121 1341 siut
1143 1277 1235 1360 prius
1258 1277 1446 1343 referenda.

304 1395 511 1475 Tantumque
528 1391 730 1474 generaliter
747 1390 863 1471 dicam,
881 1411 921 1456 ea
937 1391 1047 1457 omnia
1063 1413 1148 1474 quae
1164 1392 1263 1474 vulgo
1279 1392 1448 1458 iactantur

303 1510 345 1575 ab
368 1507 488 1574 Atheis
511 1508 553 1573 ad
578 1507 792 1572 existentiam
808 1506 870 1572 Dei
892 1506 1163 1591 impugnandam,
1187 1529 1318 1593 semper
1342 1529 1384 1574 ex
1408 1529 1447 1574 eo

303 1625 459 1710 pendere,
493 1623 579 1705 quod
613 1623 666 1688 vel
697 1621 834 1687 humani
869 1623 1007 1688 affectus
1041 1624 1111 1689 Deo
1147 1624 1361 1706 attingantur,
1395 1624 1448 1690 vel

304 1739 470 1805 mentibus
508 1738 632 1804 nostris
673 1740 770 1803 tanta
811 1737 862 1803 vis
901 1741 936 1804 et
977 1738 1143 1823 sapientia
1180 1743 1371 1822 arrogetur,
1411 1743 1449 1805 ut

304 1856 461 1938 quidnam
490 1855 581 1920 Deus
611 1854 722 1920 facere
755 1853 870 1938 possit,
909 1874 948 1919 ao
980 1854 1111 1936 debeat,
1147 1856 1380 1937 determinare,
1414 1859 1449 1922 et

304 1970 584 2054 comprehendere
615 1991 786 2050 conemur:
817 1970 899 2035 adeo
928 1972 975 2051 ut,
1006 1971 1103 2037 modo
1130 1974 1261 2036 tantum
1286 1993 1449 2038 memores

304 2086 407 2164 simus
430 2089 559 2151 mentes
582 2089 714 2152 nostras
738 2085 996 2151 considerandas
1019 2107 1093 2152 esse
1123 2091 1160 2153 ut
1189 2088 1312 2168 finitas,
1342 2089 1450 2154 Deum

305 2204 417 2266 autem
455 2204 493 2267 ut
529 2200 896 2285 incomprehensibilem
934 2204 969 2266 et
1004 2201 1182 2284 infinitum,
1222 2203 1345 2268 nullam
1383 2203 1450 2268 ista

306 2316 536 2381 difficultatem
578 2316 646 2382 sint
687 2316 782 2382 uobis
825 2316 984 2400 paritura.
1046 2318 1118 2392 Iam
1155 2339 1235 2384 vero
1273 2322 1449 2403 postquam

303 2431 472 2497 hominum
495 2431 617 2496 iudicia
640 2432 743 2496 semel
765 2435 932 2514 utcunque
956 2452 1029 2497 sum
1053 2436 1221 2518 expertus,
1250 2434 1372 2499 iterum
1396 2434 1450 2500 hic

304 2546 482 2628 aggredior
510 2547 644 2612 easdem
669 2547 709 2612 de
732 2547 812 2628 Deo,
845 2550 879 2612 et
908 2551 1020 2612 mento
1051 2549 1196 2613 humana
1226 2549 1449 2631 quaestiones,

304 2661 465 2742 simulque
488 2661 592 2726 totius
614 2661 740 2745 primae
756 2661 989 2746 Philosophiae
1012 2663 1109 2728 initia
1132 2667 1294 2743 tractare:
1320 2666 1379 2730 sed
1402 2665 1451 2730 ita

304 2782 341 2842 ut
365 2777 489 2842 nullum
512 2776 604 2858 vulgi
627 2777 789 2861 plausum,
817 2777 1004 2860 nullamque
1028 2779 1204 2856 Lectorum
1228 2780 1451 2862 frequentiam

305 2895 494 2976 expectem:
526 2893 604 2974 quin
635 2892 737 2958 etiam
767 2892 864 2958 nullis
894 2893 1015 2960 author
1045 2915 1118 2959 sum
1149 2898 1186 2960 ut
1215 2895 1299 2960 haec
1325 2896 1451 2978 legant,

305 3008 369 3073 nisi
400 3010 532 3073 tantum
561 3008 603 3073 iis
633 3008 689 3090 qui
719 3010 806 3076 serio
838 3029 966 3074 mecum
996 3008 1162 3090 meditari,
1193 3014 1404 3094 mentemque
1432 3033 1452 3077 a
1545 3051 1546 3094 3

305 3123 467 3202 sensibus,
480 3123 642 3205 simulque
658 3124 700 3188 ab
713 3123 864 3190 omnibus
879 3123 1092 3208 praeiudiciis
1104 3124 1268 3191 abducere
1283 3129 1451 3210 poterunt,
1545 3167 1546 3176 κ

307 3260 345 3302 ac
368 3239 522 3320 volent,⁷)
554 3238 667 3320 quales
698 3239 828 3305 nonnisi
859 3238 1036 3304 admodum
1059 3261 1183 3325 paucos
1205 3243 1345 3326 reperiri
1368 3243 1453 3308 satis

307 3354 385 3418 scio.
426 3353 592 3430 Quantum
608 3356 719 3419 autem
737 3354 779 3419 ad
794 3353 877 3434 illos,
903 3354 958 3435 qui
973 3354 1140 3420 rationum
1156 3377 1304 3422 mearum
1321 3359 1452 3439 seriem,

308 3473 342 3534 et
365 3490 488 3534 nexum
512 3469 792 3553 comprehendero
816 3491 881 3536 non
905 3473 1071 3551 curantes,
1094 3470 1129 3536 in
1154 3472 1301 3554 singulas
1322 3477 1453 3540 tantum
1545 3535 1546 3542 ,

308 3584 482 3666 clausulas,
513 3588 551 3650 ut
573 3585 686 3650 multis
714 3585 748 3650 in
771 3588 950 3666 moreest,
980 3587 1131 3669 argutari
1162 3588 1357 3668 studebunt:
1388 3610 1455 3654 non

308 3721 465 3783 magnum
490 3722 532 3766 ex
555 3699 652 3765 huius
676 3700 791 3786 scripti
813 3701 956 3768 lectione
980 3702 1125 3768 fructum
1149 3707 1227 3768 sunt
1249 3705 1453 3788 percepturi:

309 3819 343 3882 et
368 3814 519 3898 quemvis
541 3816 629 3882 forte
652 3815 686 3880 in
709 3815 822 3882 multis
846 3817 1023 3883 cavillandi
1039 3817 1246 3884 occasionem
1269 3819 1453 3901 inveniant,

309 3953 374 3998 non
412 3931 509 3996 facile
548 3934 661 3996 tamen
699 3931 822 4013 aliquid
860 3933 946 4014 quod
984 3936 1104 4014 urgeat
1143 3936 1201 3998 aut
1238 3935 1455 4018 responsione

402 4116 421 4184 ⁷)
431 4117 528 4170 Dieses
537 4117 765 4185 unumg'anglichs
774 4119 958 4173 Erforderniss
967 4118 1086 4173 kehrtin
1096 4118 1147 4172 den
1156 4119 1237 4190 Resp.
1245 4119 1338 4188 htufig
1347 4120 1455 4175 wieder.
1545 4101 1546 4122 ÷
