3204 4874
257 363 299 460 60
701 389 842 444 Meditatio
860 390 959 443 Prima.

256 588 408 655 ultimum
439 590 553 652 tamen
582 608 648 652 non
678 589 791 670 potest
822 585 945 668 licie)
996 587 1120 652 Essent
1149 607 1230 653 vcro
1260 587 1406 654 fortasse

257 704 403 771 nonnulli
428 702 484 786 qui
507 706 577 769 tam
601 702 772 786 potentem
802 701 943 783 aliquem
968 702 1075 767 Deum
1103 703 1240 768 mallent
1270 723 1405 786 negare,

258 841 356 903 quam
379 841 434 884 res
458 818 540 883 alias
572 839 687 883 omnes
720 818 856 884 credere
887 839 961 883 esse
991 818 1149 899 incertas,
1180 818 1239 883 sed
1269 819 1310 883 iis
1341 841 1407 885 non

258 957 490 1020 repugnemus,
521 937 694 1015 totumque
724 933 787 1000 hoo
819 934 859 999 de
887 935 958 999 Deo
989 934 1104 999 demus
1133 955 1207 999 esse
1237 934 1406 1001 fictitium:

258 1055 295 1116 at
315 1039 377 1116 vseu
400 1051 482 1130 fato,
507 1071 566 1114 seu
590 1071 680 1130 casu,
712 1069 771 1114 seu
802 1049 997 1115 continuata
1027 1071 1139 1116 rerum
1170 1050 1315 1133 seriose)
1348 1072 1407 1116 seu

259 1166 376 1249 quovis
400 1166 465 1232 alio
488 1166 585 1231 modo
608 1186 661 1230 me
686 1165 728 1230 ad
751 1165 785 1229 id
801 1166 887 1247 quod
904 1187 976 1230 sum
993 1166 1186 1250 pervenisse
1204 1169 1407 1250 supponant;

260 1282 414 1364 quoniam
438 1282 508 1346 falli
532 1284 568 1346 et
591 1301 704 1346 errare
732 1280 941 1364 imperfectio
973 1280 1135 1378 quaedam
1167 1301 1241 1346 esse
1264 1281 1407 1360 videtur,

260 1419 324 1479 quo
347 1397 456 1461 minus
479 1400 651 1481 potentem
675 1396 813 1478 originis
844 1417 938 1462 meae
971 1395 1145 1462 authorem
1177 1396 1407 1478 assignabunt,

260 1534 299 1578 eo
330 1511 532 1597 probabilius
565 1511 629 1578 erit
659 1533 711 1577 me
741 1516 811 1577 tarn
842 1503 1073 1596 imperfectum
1106 1533 1180 1600 esse
1210 1515 1248 1578 ut
1278 1533 1409 1596 semper

260 1627 374 1693 fallar:
399 1627 517 1710 quibus
541 1649 621 1692 sane
645 1628 852 1710 argumentis
869 1650 935 1694 non
953 1627 1061 1693 habeo
1077 1628 1163 1709 quod
1179 1628 1408 1713 respondeam,

261 1743 320 1809 sed
343 1743 479 1808 tandem
503 1764 604 1826 cogor
627 1742 733 1809 fateri
752 1743 832 1809 nihil
857 1765 931 1810 esse
960 1765 1003 1809 ex
1032 1743 1074 1808 iis
1105 1763 1190 1826 quae
1220 1744 1298 1810 olim
1328 1765 1410 1808 vera

260 1859 434 1944 putabam,
469 1859 509 1924 de
544 1880 608 1941 quo
644 1880 708 1924 non
740 1858 840 1924 liceat
875 1859 1086 1943 dubitarent
1121 1859 1220 1941 idque
1252 1881 1318 1926 non
1351 1880 1410 1943 per

260 1974 587 2066 inconsiderantiam,
627 1975 680 2040 vel
717 1975 901 2056 levitatem,
941 1975 999 2040 sed
1040 1979 1176 2060 propter
1213 1956 1343 2040 validas
1377 1979 1411 2040 et

261 2090 441 2156 meditatas
465 2090 671 2173 rationes‚²⁶)
702 2090 841 2172 ideoque
866 2091 968 2156 etiam
993 2091 1034 2156 ab
1058 2091 1187 2171 iisdem,
1211 2113 1277 2157 non
1302 2089 1410 2155 minus

262 2227 359 2288 quam
386 2207 427 2271 ab
452 2209 567 2290 aperte
590 2205 686 2270 falsis
710 2209 865 2271 accurate
894 2206 1049 2291 deinceps
1079 2205 1306 2273 assensionem
1337 2227 1420 2285 esse,

262 2321 494 2402 cohibendam,
529 2321 557 2386 si
588 2321 665 2402 quid
700 2321 783 2387 certi
818 2321 916 2386 velim
951 2321 1111 2388 invenire.
1170 2321 1233 2388 Sed
1266 2321 1410 2387 nondum

263 2436 387 2502 sufficit
408 2436 493 2501 haec
517 2436 713 2516 advertisse,
738 2437 918 2502 curandum
943 2440 1056 2503 estut
1079 2436 1244 2518 recorder,
1277 2437 1410 2502 assidue

264 2551 351 2639 enim
381 2556 557 2617 recurrunt
587 2555 766 2618 consuetae
798 2552 978 2636 opiniones
1012 2556 1240 2637 occupautque
1272 2552 1411 2618 ereduli-

263 2670 369 2733 tatem
394 2687 501 2732 meam
525 2671 684 2750 tanquam
707 2669 806 2750 longo
829 2689 891 2733 usu
917 2671 950 2733 et
974 2667 1215 2733 familiaritatis
1244 2668 1317 2733 iure
1347 2667 1411 2733 sibi

265 2781 463 2864 devinctam,
488 2784 559 2849 fere
583 2784 685 2850 etiam
709 2805 761 2849 me
784 2782 958 2866 invito;²⁶)
983 2804 1044 2849 nec
1068 2803 1212 2865 unquam
1236 2783 1277 2849 iis
1297 2805 1411 2848 asseu-

267 2897 334 2980 tiri,
359 2903 394 2966 et
418 2900 582 2988 confidere
606 2900 810 2980 desuescam,
843 2898 998 2981 quamdiu
1022 2899 1108 2964 tales
1132 2919 1206 2965 esse
1231 2919 1413 2984 supponam

373 3068 407 3138 ²²)
426 3068 481 3122 Der
498 3068 660 3123 Nachdruck
683 3069 751 3136 liegt
768 3068 817 3122 auf
834 3068 896 3121 dem
915 3065 1084 3134 Gegensatze
1103 3084 1156 3120 von
1178 3068 1336 3137 ,semper‘
1358 3066 1413 3118 und
1448 3101 1450 3104 .

268 3158 472 3223 ,interdum“.
501 3158 624 3213 DerGlit
612 3163 639 3212 te
657 3158 712 3212 und
731 3156 965 3224 Wahrhaftigkeit
953 3155 1037 3210 ttGo
1037 3157 1080 3208 tes
1098 3155 1284 3224 widerspricht
1301 3171 1352 3207 nur
1371 3153 1412 3207 die

265 3246 340 3300 best
328 3247 476 3314 tandige,
500 3245 576 3300 nicht
594 3247 637 3299 die
656 3263 696 3298 zer
689 3246 815 3314 'tweilige
834 3244 1005 3312 Ttuschung,
1029 3245 1088 3298 eine
1110 3243 1350 3310 Unterscheidung,
1370 3242 1413 3294 die

266 3335 299 3388 D
318 3338 409 3404 spu'ter
426 3335 526 3389 bedeut
527 3336 578 3388 end
597 3335 764 3388 modificiren
782 3351 866 3388 muss.

373 3425 408 3492 28)
428 3425 458 3478 S
460 3424 543 3490 orker
562 3424 718 3493 Epikureer,
738 3427 785 3477 ant
773 3422 831 3477 tike
849 3421 1056 3492 Peripatetiker.

374 3511 409 3580 ²⁴)
429 3512 560 3580 Obgleich
578 3511 721 3566 scheinbar
739 3513 787 3566 der
805 3511 959 3566 absolute
978 3510 1087 3564 Zweifel
1104 3511 1146 3565 als
1164 3508 1339 3564 Endresultat
1356 3453 1414 3561 hin·

265 3601 378 3670 gestellt
404 3601 483 3667 wird,
515 3604 585 3656 setzt
611 3601 644 3655 D
672 3605 734 3672 spat
735 3619 763 3655 er
792 3601 855 3656 sehr
875 3601 967 3654 Vieles
995 3617 1101 3655 vorans.
1144 3599 1195 3652 Die
1223 3599 1339 3652 Axiome
1368 3597 1415 3650 der

266 3690 353 3760 Logik
371 3691 480 3744 werden
501 3707 549 3758 gar
567 3690 644 3744 nicht
661 3690 789 3745 erwuhnr.
826 3688 1019 3745 Thatsdchlich
1038 3690 1129 3742 wltrde
1152 3689 1202 3742 mit
1190 3687 1288 3741 tdem
1306 3685 1416 3740 Zweifel

266 3798 301 3834 an
319 3780 392 3835 ihrer
408 3781 579 3834 normativen
598 3778 757 3847 Bedeutung
773 3778 836 3850 jede
855 3779 919 3832 weit
920 3796 964 3832 ere
984 3777 1177 3845 Entwiclilung
1195 3777 1333 3840 aufhtren,
1353 3758 1416 3828 weil

267 3869 435 3924 derZweifel
453 3869 541 3924 selbst
529 3872 615 3924 terst
603 3869 682 3923 taui
692 3869 786 3923 Grund
804 3870 853 3922 des
871 3885 936 3936 gese
938 3867 1245 3936 tzmtssigenDenlrens
1264 3883 1296 3919 zu
1315 3865 1415 3920 Stantia

267 3959 380 4013 kommt.

375 4048 410 4116 π)
433 4048 466 4103 Ι).
491 4047 628 4115 verlangt,
661 4046 725 4101 dass
750 4063 813 4101 man
841 4044 908 4099 uber
931 4046 975 4099 die
999 4043 1227 4112 Zweifelsgrlinde
1253 4043 1300 4096 der
1324 4044 1416 4095 ersten

267 4136 435 4202 Meditation,
459 4154 538 4189 weun
563 4135 639 4190 nicht
663 4135 751 4203 einige
777 4135 894 4200 Monate,
921 4151 951 4188 so
977 4133 1045 4188 doch
1068 4133 1237 4186 mindestens
1261 4129 1416 4184 Woohen
