3212 4872
266 401 307 465 70
692 397 833 452 Mediuuo
852 397 983 452 Secunda.

263 593 423 676 intelligo,
458 594 610 676 quisnam
639 595 703 660 sim
734 615 796 677 ego
828 595 893 675 ille,
924 595 980 678 qui
1010 596 1076 661 iam
1107 596 1295 663 necessario
1327 619 1410 679 sum,

264 709 484 795 deincepsque
508 710 692 776 cavendum
716 714 768 776 est
791 731 833 776 ne
856 710 944 777 forte
968 712 1046 794 quid
1072 712 1161 777 eliud
1183 713 1412 796 imprudenter

263 845 429 890 assumam
453 825 487 891 in
518 826 622 892 locum
654 826 729 907 mei,
760 826 873 908 sicque
904 826 1055 892 aberrem
1084 827 1186 892 etiam
1210 828 1245 892 in
1268 849 1309 894 ea
1332 849 1411 911 cog·

262 940 397 1022 uitione,
422 962 519 1024 quam
544 942 690 1007 omnium
715 942 937 1008 certissimam
961 942 1310 1026 evidentissimamque
1336 965 1410 1010 esse

262 1058 434 1123 contendo.
482 1057 591 1136 Quare
615 1058 681 1122 iam
706 1058 813 1123 denuo
844 1058 1031 1126 meditabor
1062 1058 1218 1141 quidnam
1249 1081 1301 1124 me
1332 1059 1410 1124 olim

263 1192 336 1237 esse
361 1172 568 1253 crediderim,
599 1172 792 1256 priusquam
815 1173 849 1237 in
873 1173 936 1238 has
960 1174 1181 1256 cogitationes
1204 1175 1409 1255 incidissem;

261 1307 305 1352 ex
337 1308 400 1369 quo
434 1288 553 1354 deinde
585 1288 768 1354 subducam
803 1288 960 1371 quidquid
994 1289 1105 1355 allatis
1139 1290 1324 1356 rationibus
1356 1292 1409 1356 vel

260 1401 430 1467 minimum
455 1403 563 1489 potuit
586 1403 757 1483 infirmari,
781 1406 820 1468 ut
841 1403 891 1469 ita
913 1405 1050 1469 tandem
1070 1405 1220 1488 praecise
1236 1410 1411 1472 remaneat
1514 1425 1517 1429 ·

259 1518 339 1583 illud
369 1521 500 1585 tantum
531 1520 618 1601 quod
649 1522 777 1584 certum
808 1522 860 1584 est
893 1522 928 1585 et
957 1519 1198 1586 inconcussum
1246 1521 1407 1600 Quidnam

259 1634 362 1716 igitur
385 1634 529 1700 antehac
552 1655 604 1700 me
629 1656 702 1701 esse
725 1635 864 1718 putavi?
886 1635 1054 1702 hominem
1075 1636 1217 1716 scilicet;
1248 1638 1306 1702 sed
1330 1637 1408 1719 quid

260 1754 312 1816 est
350 1751 471 1817 homo?
511 1751 661 1817 dicamne
701 1750 825 1816 animal
856 1751 1041 1817 rationale?
1073 1773 1148 1832 non,
1182 1751 1259 1834 quia
1291 1755 1410 1836 postea

259 1866 484 1948 quaerendum
516 1865 604 1932 foret
634 1865 791 1947 quidnam
822 1867 944 1933 animal
975 1867 1030 1948 sit,
1063 1871 1099 1933 et
1126 1868 1204 1950 quid
1233 1868 1408 1948 rationale,

258 1986 358 2064 atque
381 1982 430 2048 ita
454 2003 497 2047 ex
520 1989 586 2048 una
609 1981 804 2064 quaestione
833 1982 867 2047 in
890 1983 1002 2068 plures
1027 1981 1293 2066 difficilioresque
1318 1984 1407 2050 dela·

257 2097 368 2176 berer3
399 2119 460 2163 nec
490 2097 557 2162 ism
585 2096 666 2162 mihi
696 2100 827 2163 tantum
858 2097 917 2163 otii
948 2101 1001 2165 est
1033 2101 1071 2164 ut
1100 2098 1156 2165 illo
1187 2100 1286 2165 velim
1317 2099 1407 2166 inter

256 2213 443 2279 istiusmodi
467 2213 671 2279 subtilitates
694 2214 802 2280 abuti:
832 2213 968 2279 sedhic
995 2213 1107 2298 potius
1130 2215 1303 2280 attendam
1327 2215 1405 2298 quid

256 2331 384 2414 sponte,
406 2331 441 2395 et
457 2331 578 2394 natura
594 2329 675 2395 duce
685 2329 710 2413 ⁸)
728 2329 923 2412 cogitationi
939 2350 1034 2395 meae
1049 2329 1194 2395 antehac
1210 2331 1406 2397 occurrebat

257 2443 387 2526 quoties
411 2443 490 2526 quid
513 2464 620 2509 essem
644 2444 910 2510 considerabam:
935 2465 1053 2528 nempe
1077 2446 1274 2511 occurrebat
1297 2446 1404 2530 primo

256 2581 309 2626 me
336 2560 460 2626 habere
488 2560 626 2640 vultum,
657 2580 785 2640 manus,
816 2560 963 2640 brachia,
995 2563 1168 2643 totamque
1191 2561 1278 2627 hanc
1301 2583 1405 2627 mem·

255 2675 389 2742 brorum
424 2674 626 2755 machinam,
658 2674 765 2758 qualis
797 2675 898 2741 etiem
921 2675 956 2741 in
986 2676 1149 2742 cadavere
1181 2676 1338 2757 cernitur,
1370 2680 1405 2742 et

255 2811 353 2873 quam
387 2789 533 2874 eorporis
568 2789 700 2855 nomine
733 2791 965 2872 designabem;
1001 2790 1197 2857 occurrebat
1227 2795 1404 2875 praeterea

254 2927 308 2972 me
345 2906 475 2986 nutriri,
514 2905 678 2987 incedere,
718 2907 843 2972 sentire
878 2911 912 2971 et
949 2905 1109 2988 cogitare,
1149 2912 1232 2988 quas
1271 2907 1403 2988 quidem

254 3021 402 3088 actiones
426 3022 469 3087 ad
493 3021 638 3087 animam
659 3021 887 3104 referebam,⁹)
913 3021 973 3086 sed
989 3020 1068 3103 quid
1085 3024 1175 3087 esset
1191 3019 1275 3087 haec
1292 3022 1405 3086 anima

254 3138 307 3203 vel
330 3159 396 3203 non
419 3137 648 3218 advertebam,
680 3137 733 3202 vel
758 3137 913 3219 exiguum
945 3135 1057 3202 nescio
1087 3136 1165 3218 quid
1194 3136 1403 3220 imaginabar

252 3332 359 3399 geuthlt
378 3331 494 3386 werden.
520 3331 629 3385 Theoi.
643 3335 706 3386 net.
720 3331 761 3386 tit.
774 3332 799 3384 I:
822 3332 956 3396 ,Necesse
975 3335 1018 3385 est
1035 3332 1106 3398 quod
1120 3331 1200 3385 homo
1213 3335 1360 3400 cognoscat
1371 3349 1402 3386 se

251 3421 340 3490 ipsum
359 3423 388 3474 et
405 3437 483 3474 susm
500 3424 633 3485 naturam,
657 3421 681 3474 si
704 3420 804 3489 aliquid
823 3420 891 3474 velit
910 3420 1060 3474 certissime
1085 3421 1197 3489 probare
1216 3421 1249 3476 de
1268 3438 1297 3476 se
1316 3421 1402 3490 ipso“.

251 3509 322 3564 Vor
337 3509 483 3564 Descartes
495 3509 572 3564 hatte
583 3507 723 3563 Thomas
736 3508 952 3578 Campsnella
969 3510 1011 3563 die
1022 3509 1128 3577 gleiche
1137 3509 1216 3564 Basis
1230 3510 1276 3563 der
1285 3509 1402 3564 Gewiss·

250 3598 307 3652 heit
325 3597 501 3667 vertheidigt:
530 3597 704 3665 ,Necessario
723 3598 774 3652 hoc
793 3599 891 3663 sciunt,
909 3597 961 3652 hoc
980 3614 1010 3651 se
1028 3599 1134 3652 nescire
1153 3599 1176 3654 do
1194 3597 1261 3652 licet
1277 3597 1329 3651 lroc
1347 3615 1402 3651 non

250 3688 287 3743 sit
309 3704 411 3758 sapere,
435 3687 500 3755 quin
519 3688 563 3741 est
586 3704 634 3756 per
652 3687 834 3756 negationem,
853 3692 946 3742 tamen
964 3686 1015 3740 hoo
1033 3686 1117 3741 hebet
1133 3687 1268 3742 humanus
1286 3687 1402 3752 animus,

250 3777 320 3844 quod
340 3777 384 3843 sit,
404 3794 434 3831 se
452 3779 517 3831 timo
536 3775 652 3841 nescire,
671 3779 806 3845 quatenus
824 3776 938 3846 percipit
956 3792 986 3829 se
1004 3791 1058 3829 non
1076 3775 1167 3829 videre
1185 3776 1214 3829 in
1231 3776 1358 3841 tenebris,
1377 3778 1403 3831 dt

248 3866 277 3918 in
296 3865 404 3920 silentio
422 3883 476 3920 non
495 3865 613 3919 audire“.
638 3865 904 3920 UniversalPlrilos.
925 3863 1002 3918 1638.
1020 3864 1041 3929 I,
1060 3880 1085 3933 p.
1096 3865 1139 3930 30,
1150 3865 1192 3930 78,
1203 3864 1245 3919 84.

334 3954 355 4022 ⁸)
365 3954 456 4009 Ueber
465 3953 508 4008 die
515 3954 677 4022 Bedeutung
686 3955 735 4008 des
746 3953 1004 4021 ohneVermittlung
1013 3951 1202 4021 eingefthrten
1209 3953 1401 4007 Erkenntniss·

159 4095 160 4098 ,
248 4044 380 4114 principes
405 4044 479 4098 einer
506 4045 639 4108 ,natura
665 4043 755 4108 dux“,
780 4042 835 4095 und
861 4042 959 4096 dessen
983 4041 1163 4096 Unterschied
1188 4059 1250 4096 vom
1275 4041 1399 4108 ,lumen

248 4132 416 4187 nuturclel
438 4132 584 4186 verbreitet
602 4131 661 4185 sich
679 4131 712 4184 D.
732 4132 759 4184 in
779 4131 827 4186 der
845 4131 945 4186 dritten
963 4132 1018 4186 und
1037 4129 1164 4186 sechsten
1183 4130 1351 4186 Meditation.
