3154 4860
297 392 359 456 178
734 389 876 444 Meditatio
893 389 1001 456 Quinta.

296 588 349 650 est
370 604 424 649 me
447 586 566 667 putare
589 584 714 666 figuras
737 604 852 650 omnes
875 584 1119 667 quadrilaterae
1142 584 1264 652 circulo
1293 587 1441 668 inscribi,

277 698 354 766 ¹sed
378 699 486 785 posito
510 698 597 781 quod
620 698 683 764 hoe
698 703 823 784 putem,
847 720 984 766 neeesse
1000 700 1065 766 erit
1080 721 1133 766 me
1150 701 1252 768 fateri
1266 702 1441 769 rhombum

295 815 417 882 circulo
454 814 601 896 inscribi,
641 815 727 898 quod
766 819 882 899 aperte
920 818 1033 881 tamen
1072 818 1125 881 est
1162 816 1293 884 falsum.
1352 819 1442 884 Nam
1554 889 1555 896 ,

296 931 447 1014 quamvis
476 953 543 996 non
573 952 710 997 necesse
740 931 785 997 sit
815 934 852 997 ut
879 931 1023 997 incidam
1051 951 1195 1014 unquam
1218 931 1253 997 in
1276 932 1375 999 ullam
1401 934 1441 1000 de

295 1048 366 1113 Deo
404 1046 699 1130 cogitationem,²⁰)
738 1047 869 1130 quoties
906 1051 1020 1114 tamen
1055 1048 1096 1114 de
1135 1050 1212 1114 ente
1250 1048 1367 1134 primo,
1407 1053 1443 1116 et

295 1184 422 1229 summo
445 1161 527 1227 libet
550 1161 708 1254 cogitare,
734 1165 834 1245 atque
857 1163 929 1229 eius
951 1163 1061 1229 ideam
1082 1167 1242 1246 tanquam
1259 1185 1302 1230 ex
1318 1165 1442 1232 mentis

296 1298 389 1343 meae
419 1277 577 1344 thesauro
609 1278 813 1362 depromere,
843 1299 981 1345 necesse
1011 1282 1065 1345 est
1094 1282 1131 1345 ut
1153 1279 1200 1344 illi
1228 1301 1343 1346 omnes
1366 1301 1442 1365 per-

295 1393 459 1459 fectiones
487 1393 678 1474 attribuam,
710 1393 773 1459 etsi
804 1415 865 1460 nec
894 1415 1009 1460 omnes
1039 1397 1119 1460 tunc
1149 1415 1350 1477 enumerem,
1381 1417 1443 1462 nec

296 1508 338 1574 ad
362 1508 510 1590 singulas
534 1508 772 1592 attendamz2⁷)
804 1530 889 1592 quae
919 1509 1102 1576 necessitas
1132 1512 1230 1596 plane
1245 1511 1383 1580 ,suffieit
1407 1515 1443 1577 ut
1554 1527 1555 1548 l

295 1627 423 1708 postea,
462 1627 536 1722 cum
572 1624 801 1690 animadverto
835 1624 1049 1691 existentiam
1085 1647 1159 1692 esse
1190 1627 1441 1710 perfectionem,
1554 1701 1555 1706 ἵ

295 1743 387 1805 reete
429 1739 621 1806 concludam
666 1759 725 1806 ens
768 1741 911 1826 primum
950 1745 985 1807 et
1021 1762 1184 1806 summum
1223 1741 1441 1827 existerc:²⁸)
1554 1749 1555 1756 ’

296 1856 569 1938 quemadmodum
593 1860 736 1923 nonest
765 1877 903 1922 necesse
933 1877 986 1922 me
1016 1857 1118 1922 ullum
1148 1855 1351 1939 triangulum
1383 1880 1442 1924 un-

296 1993 396 2058 quam
417 1972 604 2055 imaginari,
636 1972 695 2037 sed
719 1971 849 2055 quoties
872 1973 946 2039 volo
976 1973 1117 2060 figuram
1141 1972 1348 2039 rectilineam
1372 1977 1443 2040 tres

296 2091 426 2154 tantum
459 2089 598 2170 angulos
628 2087 808 2154 habentem
839 2087 1060 2168 considerare,
1093 2109 1230 2154 necesse
1260 2093 1313 2155 est
1336 2093 1373 2155 ut
1396 2089 1442 2155 illi

297 2224 338 2269 ea
360 2203 505 2269 tribuam
529 2225 573 2270 ex
596 2203 714 2286 quibus
744 2208 836 2270 reete
859 2204 1003 2269 infertur
1026 2202 1097 2268 eius
1120 2205 1191 2269 tres
1214 2204 1353 2287 angulos
1376 2227 1442 2271 non

297 2319 439 2384 maiores
470 2340 544 2385 esse
575 2318 701 2385 duobus
731 2319 843 2400 rectis,
875 2318 1007 2385 etiamsi
1037 2319 1099 2385 hoc
1129 2319 1236 2404 ipsum
1267 2323 1347 2386 tuno
1377 2342 1442 2387 non

298 2433 481 2499 advertam.
537 2434 616 2500 Cum
647 2455 726 2500 vero
760 2435 924 2514 examino,
958 2454 1122 2516 quaenam
1159 2436 1286 2517 figurae
1322 2435 1442 2502 circqu

296 2548 530 2630 inscribantur,
572 2549 660 2614 nullo
699 2549 796 2616 modo
835 2571 972 2617 necesse
1011 2553 1063 2616 est
1101 2553 1139 2616 ut
1176 2555 1290 2635 putem
1329 2573 1442 2618 omncs

296 2663 540 2746 quadrilaterae
572 2685 615 2730 ex
650 2686 688 2732 eo
722 2687 858 2732 numero
891 2687 979 2745 esse;
1019 2666 1085 2731 imo
1123 2667 1225 2732 etiam
1263 2667 1298 2733 id
1334 2667 1440 2753 ipsum

297 2780 472 2862 nequidem
509 2782 635 2863 fingere
673 2803 807 2866 possum
846 2781 1002 2864 quamdiu
1041 2781 1121 2846 nihil
1156 2773 1231 2848 volo
1264 2782 1442 2849 admittere

297 2894 360 2960 nisi
391 2896 477 2978 quod
507 2896 596 2961 clare
627 2899 662 2962 et
692 2896 849 2963 distincte
881 2897 1045 2980 intelligo:
1079 2917 1118 2962 ac
1150 2898 1289 2983 proinde
1321 2919 1443 2980 magna
1554 2937 1555 2966 ;

403 3055 439 3120 ²⁶)
464 3056 519 3109 Der
543 3056 571 3109 in
596 3055 638 3110 die
664 3054 830 3111 Sinnenwelt
854 3055 1001 3110 versenkte
1026 3055 1139 3110 Mensch
1166 3057 1252 3111 denkt
1276 3057 1352 3111 nicht
1373 3060 1442 3111 stets

297 3162 332 3198 an
355 3143 432 3210 Gott,
458 3144 521 3198 weil
545 3145 587 3198 die
608 3145 672 3199 Ideo
694 3145 743 3199 des
763 3144 896 3199 htchsten
912 3145 1030 3200 Wesens
1054 3163 1105 3200 nur
1127 3145 1236 3200 virtuell
1257 3147 1285 3199 in
1307 3146 1363 3200 ihm
1384 3164 1442 3200 vor·

295 3232 403 3287 handen
421 3233 465 3288 ist,
707 3295 709 3301 ¹

404 3322 439 3390 27)
462 3321 514 3375 Mit
535 3322 597 3376 dem
618 3321 826 3390 Gottesbegriffe
850 3321 892 3376 als
916 3339 981 3388 ,ens
1003 3322 1139 3377 infinitum
1163 3321 1363 3393 independens“
1389 3321 1442 3376 und

300 3427 398 3474 ,causa
415 3410 527 3480 prima¹‘,
545 3409 607 3464 sind
625 3410 695 3465 auch
714 3411 756 3464 die
769 3410 907 3466 Attribute
926 3410 1055 3479 gegeben,
1073 3411 1180 3466 obwohl
1199 3412 1238 3467 sie
1255 3411 1314 3466 sich
1327 3416 1384 3466 eret
1396 3411 1441 3466 all-

296 3497 415 3553 mehlich
434 3497 581 3553 enthtillen.

404 3586 440 3656 28)
458 3587 514 3642 Der
530 3586 666 3642 Anselm
682 3587 738 3641 und
753 3589 787 3644 D.
804 3591 1028 3657 gemeinsame
1045 3588 1143 3643 Fehler
1160 3589 1270 3644 besteht
1287 3589 1316 3644 in
1334 3590 1382 3644 der
1394 3590 1442 3642 Be·

296 3677 448 3747 hauptung:
468 3678 526 3732 Das
538 3677 601 3732 Sein
617 3678 655 3732 ist
671 3677 730 3732 eine
739 3678 997 3744 Vollkommenheit‚
1015 3679 1057 3732 die
1070 3697 1102 3733 zu
1115 3679 1232 3733 anderen
1241 3679 1442 3734 Vollkommen·

296 3767 389 3822 heiten
415 3767 625 3822 hinzukommen
652 3768 740 3832 haum
769 3767 812 3821 die
838 3768 993 3822 Pr'amissen
1021 3769 1145 3836 dagegen
1172 3767 1233 3822 sind
1257 3767 1442 3823 verschieden.

297 3856 411 3910 Anselm
429 3855 569 3912 schliesst:
596 3857 640 3911 ein
659 3857 784 3911 seiender
802 3856 869 3911 Gott
886 3874 981 3912 ausser
998 3858 1058 3922 mir,
1077 3857 1115 3912 ist
1132 3857 1229 3910 mehr
1247 3857 1289 3912 als
1308 3857 1352 3910 ein
1369 3855 1443 3911 bloss

297 3944 455 4012 gedachter;
474 3963 530 3999 nun
548 3945 615 4000 wird
634 3945 700 4000 Gott
718 3944 759 4000 als
778 3945 1023 4000 vollkommenstes
1041 3947 1110 4001 aller
1121 3946 1225 4000 Wesen
1242 3944 1367 4013 gedaoht,
1387 3945 1443 3999 also

297 4033 404 4088 kommt
421 4033 478 4088 ihm
496 4034 565 4088 anch
584 4035 627 4089 die
639 4033 890 4090 Vollkommenheit
904 4036 952 4089 des
964 4035 1042 4090 Scins
1061 4052 1179 4090 ausser
1196 4035 1313 4088 meinem
1330 4034 1444 4088 Denken

298 4123 342 4186 ,in
354 4124 399 4176 re“
415 4140 448 4177 zu
460 4123 641 4192 (Proslogium
654 4141 676 4178 e.
685 4124 722 4177 H:
739 4127 827 4190 ,certe
840 4123 939 4192 idque
951 4124 1040 4195 majus
1053 4124 1164 4193 cogitari
1176 4124 1277 4192 nequit,
1290 4141 1343 4178 non
1356 4124 1444 4194 potest
