3212 4872
548 1259 881 1350 MEDITATIO
911 1259 1152 1348 TERTIA.

633 1431 687 1502 m
714 1430 796 1514 neo,
825 1433 915 1522 quoa
940 1433 1071 1500 easta.

381 1583 544 1681 Claudum
563 1633 649 1677 nunc
666 1611 787 1692 oculos
805 1631 904 1677 aures
920 1610 1122 1695 obturab0‚1)
1148 1613 1293 1678 avocabo
1311 1633 1424 1678 omnes

278 1750 404 1809 sensus,
435 1726 599 1809 imagines
629 1727 731 1793 etiam
762 1708 875 1792 rerum
905 1727 1123 1811 corporalium
1154 1749 1268 1794 omnes
1299 1728 1351 1794 vel
1382 1749 1424 1794 ex

278 1843 480 1927 cogitatione
503 1850 583 1908 mea
602 1842 727 1924 delebo,
752 1842 805 1908 vel
830 1846 931 1924 certe,
956 1843 1033 1926 quia
1057 1843 1118 1910 hoc
1140 1843 1213 1910 fieri
1228 1843 1288 1910 vix
1301 1849 1424 1929 potest,

277 1962 350 2027 illas
373 1964 411 2027 ut
434 1960 561 2040 inanes,
591 1963 625 2026 et
649 1960 753 2026 falsas
776 1959 871 2024 nihili
893 1960 1047 2044 pendam,
1073 1982 1191 2044 meque
1215 1961 1320 2027 solum
1344 1961 1424 2028 allo-

277 2077 417 2161 quendo,
442 2079 477 2142 et
499 2076 645 2160 penitius
668 2075 873 2160 inspiciendo
882 2075 908 2160 8)
937 2097 990 2142 me
1013 2075 1122 2161 ipsum
1152 2077 1313 2162 paulatim
1344 2078 1424 2143 mihi

276 2194 383 2276 magis
415 2195 531 2258 notum
565 2196 600 2260 et
636 2192 834 2258 familiarem
871 2192 1010 2258 reddere
1042 2194 1194 2260 conabor.
1249 2195 1321 2277 Ego
1352 2216 1422 2260 surn

277 2332 331 2376 res
366 2310 527 2392 cogitans,
562 2309 596 2375 id
632 2312 684 2375 est
719 2309 884 2390 dubitans,
921 2309 1102 2391 affirmans,
1141 2330 1279 2394 negans,
1318 2331 1424 2395 pauca

278 2426 478 2508 intelligens,
522 2426 627 2491 multa
664 2425 833 2508 ignorans,
852 2432 853 2435 ’
872 2426 1029 2511 volens-³)
1073 2426 1197 2507 nolana,
1236 2426 1424 2510 imaginans

279 2541 380 2607 etiam
404 2546 439 2608 et
462 2541 625 2621 sentiens;
656 2545 694 2608 ut
717 2542 804 2608 enim
828 2545 906 2608 ante
931 2541 1162 2624 animadverti,
1192 2543 1343 2625 quamvis
1366 2543 1424 2608 illa

278 2678 362 2741 quae
387 2658 493 2725 sentio
517 2659 572 2724 vel
594 2658 759 2740 imaginor
783 2661 881 2724 extra
904 2679 956 2724 me
980 2658 1125 2725 fortasse
1149 2657 1229 2724 nihil
1249 2658 1326 2740 sint,
1350 2659 1423 2726 illos

278 2778 391 2841 tamen
430 2773 598 2857 cogitandi
644 2776 772 2856 modae,
817 2795 898 2856 quos
937 2795 1054 2840 sensus
1093 2777 1128 2840 et
1165 2774 1423 2857 imaginationes

278 2891 417 2976 appello,
441 2895 605 2974 quatenus
629 2890 797 2973 cogitandi
828 2890 961 2973 quidam
992 2891 1080 2957 modi
1110 2893 1241 2957 tantum
1271 2895 1359 2972 sunt,
1389 2891 1424 2956 in

277 3029 330 3074 me
363 3028 436 3073 esse
470 3029 543 3072 sum
576 3011 696 3073 certus,
751 3006 861 3089 Atque
896 3006 948 3073 his
981 3007 1095 3091 paucis
1131 3007 1241 3074 omnia
1272 3007 1423 3074 recensui

277 3144 362 3208 quae
390 3145 470 3190 vere
501 3124 579 3205 scio,
611 3124 665 3189 vel
695 3125 814 3219 saltem
846 3144 930 3206 quae
961 3144 1014 3189 me
1044 3123 1129 3189 scire
1159 3123 1322 3189 hactenus
1353 3123 1424 3188 ani-

277 3240 452 3306 madverti.
501 3239 597 3306 Nunc
621 3239 884 3324 circumspiciam
916 3239 1108 3322 diligentius
1139 3261 1181 3305 an
1205 3240 1293 3307 forte
1317 3241 1424 3306 adhuc

277 3357 364 3440 apud
392 3376 445 3420 me
474 3355 540 3420 alia
570 3355 637 3420 sint
667 3356 709 3421 ad
739 3376 824 3438 quae
855 3355 999 3421 nondum
1028 3356 1176 3440 respexi:
1208 3379 1281 3422 sum
1312 3359 1424 3422 cortus

277 3493 329 3537 me
365 3493 439 3537 esse
470 3493 542 3537 rem
573 3468 786 3553 cogitantem,
822 3470 969 3554 nunquid
1001 3492 1080 3554 ergo
1115 3471 1217 3538 etiarn
1247 3473 1315 3540 scio
1345 3471 1423 3555 quid

277 3588 466 3671 requiratur
498 3591 534 3653 ut
564 3588 605 3653 de
636 3588 745 3671 aliqua
774 3609 811 3654 re
844 3588 907 3653 sim
940 3587 1107 3672 tertosae)
1141 3609 1259 3673 nempe
1291 3588 1325 3653 in
1359 3588 1423 3653 hac

385 3816 406 3885 1)
424 3818 506 3872 Dieae
523 3817 620 3873 beiden
634 3818 830 3886 Sinuesorgane
849 3818 910 3872 siud
926 3818 1041 3872 leiehter
1059 3817 1198 3873 kunstlich
1210 3818 1425 3874 versohliessbar

276 3908 317 3962 als
337 3908 380 3961 die
398 3907 518 3975 librigen.

383 3997 404 4062 2)
430 3997 467 4050 Es
492 3996 578 4051 bleibt
606 4014 657 4050 nur
684 3996 726 4050 die
754 3996 881 4050 Methoda
910 3996 957 4050 der
982 3996 1261 4065 Selbstbeobachtung
1289 3997 1345 4050 und
1375 3998 1424 4051 des

277 4084 531 4155 Selbstgesprtches
556 4085 641 4153 librig,
667 4085 754 4138 wobei
777 4085 933 4140 bestimmte
957 4085 1140 4140 Denkinhalte
1165 4085 1207 4142 als
1229 4086 1424 4154 Erinnerungs-

277 4175 362 4229 bilder
381 4174 481 4227 wieder
499 4174 589 4244 ponirt
607 4176 717 4228 werden
735 4181 853 4228 musaeu.
