3186 4870
263 395 327 458 198
708 389 848 444 Meditatio
866 389 958 444 Sexta.

263 587 429 653 varietate
467 587 604 666 eaelum,
639 589 775 666 terram,
808 586 925 666 maria,
961 589 996 651 et
1029 585 1157 668 reliqua
1191 608 1331 671 corpora
1365 589 1409 654 ab

261 703 404 768 invicem
435 700 693 783 distinguebam:
725 721 786 766 nec
816 721 897 766 sane
927 700 1052 782 absque
1081 701 1212 768 ratione
1244 703 1285 769 ob
1316 702 1411 768 ideas

262 819 402 884 istarum
446 815 591 882 omnium
633 815 832 897 qualitatum
878 836 962 898 quae
1005 815 1201 898 cogitationi
1239 838 1334 883 meae
1373 839 1410 884 se

263 932 456 1013 offerebant,
482 934 517 997 et
540 951 622 1013 quas
646 930 734 997 solas
749 931 882 1015 proprie
899 933 934 997 et
950 931 1193 1017 immediate²²)
1212 933 1408 1014 sentiebam,

262 1048 421 1132 putabam
444 1067 497 1111 me
521 1045 646 1112 sentire
674 1066 729 1111 res
752 1045 911 1128 quasdam
936 1065 957 1110 a
980 1053 1054 1112 mea
1078 1047 1280 1128 cogitatione
1311 1049 1409 1132 plane

263 1158 425 1243 diversas,
448 1182 566 1246 nempe
583 1181 721 1245 corpora
737 1181 758 1226 a
774 1161 892 1243 quibus
907 1161 1003 1227 ideae
1019 1161 1105 1228 istae
1121 1162 1408 1248 procederent32³l

264 1277 460 1364 experiebar
483 1276 570 1342 enim
593 1275 667 1341 illas
690 1276 816 1358 absque
845 1276 910 1342 ullo
941 1297 1014 1342 meo
1045 1296 1207 1343 consensu
1238 1278 1319 1343 mihi
1350 1279 1410 1344 ad-

262 1393 387 1473 venire,
427 1391 509 1458 adeo
544 1394 582 1457 ut
616 1412 722 1473 neque
757 1412 888 1475 possem
927 1391 1092 1457 obiectum
1130 1392 1232 1458 ullum
1271 1393 1407 1475 sentire,

263 1508 415 1592 quamvis
445 1507 574 1588 vellem,
608 1507 672 1572 nisi
703 1506 783 1572 illud
814 1528 932 1573 sensus
962 1528 1087 1590 organo
1118 1511 1209 1574 esset
1238 1529 1409 1592 praesens,

263 1645 324 1690 nec
347 1643 478 1708 possem
502 1644 568 1688 non
591 1621 716 1689 sentire
739 1626 813 1688 cum
838 1627 911 1689 erat
938 1644 1113 1708 praesens;
1144 1626 1283 1707 cumque
1312 1625 1409 1691 ideae

213 1721 215 1724 ⁵
263 1761 363 1806 sensu
385 1742 563 1824 perceptae
584 1743 697 1804 essent
716 1738 945 1821 multomagis
961 1738 1093 1804 vividae
1110 1741 1144 1804 et
1160 1731 1350 1823 expressae,
1374 1743 1411 1806 et

263 1878 321 1922 suo
346 1854 447 1920 etiam
470 1855 567 1921 modo
575 1854 619 1936 ²4)
642 1854 750 1936 magis
773 1854 962 1935 distinctae,
985 1873 1083 1936 quam
1108 1854 1193 1920 ullae
1210 1875 1253 1920 ex
1268 1855 1310 1920 iis
1326 1875 1410 1938 quas

262 1971 334 2056 ipse
357 1970 503 2055 prudens
526 1973 561 2034 et
584 1969 694 2035 sciens
716 1968 907 2035 meditando
928 1968 1138 2050 effingeham,
1154 1970 1208 2034 vel
1228 1970 1409 2036 memoriae

262 2106 357 2152 meae
381 2086 561 2170 impressas
585 2084 812 2165 advertebam,
835 2083 908 2150 fieri
932 2104 998 2149 non
1020 2104 1119 2168 posse
1141 2083 1319 2151 videbatur
1334 2089 1372 2151 ut
1387 2107 1410 2150 a

263 2223 315 2268 me
331 2203 403 2286 ipso
419 2202 651 2286 procederent;
668 2200 807 2282 ideoque
823 2202 997 2283 supererat
1012 2202 1050 2264 ut
1066 2199 1107 2264 ab
1124 2199 1198 2264 aliis
1212 2199 1407 2282 quibusdam

262 2317 362 2383 rebus
385 2316 596 2395 advenirent3
625 2335 763 2398 quarum
787 2336 898 2381 rerum
922 2318 995 2380 cum
1019 2314 1142 2380 nullam
1166 2314 1298 2381 aliunde
1321 2315 1409 2380 noti-

262 2432 343 2498 tiam
367 2431 524 2497 haberem
548 2450 646 2513 quam
671 2451 714 2496 ex
735 2429 811 2496 istis
833 2430 915 2514 ipsis
938 2429 1032 2510 ideis,
1061 2451 1127 2496 non
1157 2432 1291 2514 poterat
1318 2430 1407 2496 aliud

262 2547 343 2611 mihi
365 2546 481 2612 venire
503 2545 538 2610 in
560 2547 708 2611 mentem
730 2565 831 2627 quam
853 2545 927 2611 illas
950 2544 992 2610 iis
1015 2545 1139 2610 similes
1162 2545 1295 2630 esse.²⁵)

368 2660 479 2743 Atque
507 2660 609 2726 etiam
637 2661 714 2742 quia
741 2660 941 2727 recordabar
970 2680 1024 2725 me
1053 2659 1146 2744 prius
1177 2681 1272 2726 usum
1302 2660 1408 2724 fuisse

262 2777 414 2843 sensibus
437 2795 536 2859 quam
558 2775 699 2860 ratione,
723 2775 942 2858 videbamque
965 2775 1058 2841 ideas
1082 2796 1165 2857 quas
1180 2775 1252 2860 ipse
1268 2775 1410 2858 effinge-

264 2895 338 2958 bam
361 2895 520 2958 nontam
543 2911 721 2976 expressas
744 2911 829 2971 esse,
860 2911 960 2972 quarn
982 2891 1059 2956 illae
1081 2895 1179 2956 erant
1202 2911 1284 2973 quas
1308 2911 1408 2956 sensu

181 2999 187 3012 ’
262 3007 495 3092 percipiebam,
535 3009 570 3072 et
607 3006 800 3091 plerumque
840 3027 883 3072 ex
915 3026 1028 3072 earum
1061 3005 1213 3090 partibus
1245 3005 1408 3090 componi,

262 3123 360 3188 facile
390 3122 471 3187 mihi
501 3121 741 3206 persuadebam
773 3121 895 3186 nullam
925 3120 1023 3205 plane
1053 3142 1106 3186 me
1137 3120 1260 3187 habere
1289 3121 1324 3185 in
1355 3121 1407 3186 in-

262 3239 408 3318 tellectu,
433 3257 531 3320 quam
555 3258 621 3303 non
644 3237 735 3320 prius
758 3235 949 3302 habuissem
965 3236 1000 3301 in
1016 3237 1173 3319 sensu.²⁶)
1212 3237 1289 3302 Non
1306 3235 1407 3302 etiam

262 3354 334 3420 sine
356 3352 487 3418 ratione
511 3373 629 3436 corpus
652 3351 742 3431 illud,
766 3350 853 3433 quod
877 3350 1012 3435 speciali
1036 3350 1178 3434 quodam
1202 3351 1274 3416 iure
1297 3372 1408 3416 meum

262 3468 481 3554 appellabam,
504 3467 613 3548 magis
636 3466 678 3531 ad
701 3487 754 3531 me
777 3466 945 3550 pertinere
969 3471 1068 3549 quam
1092 3466 1158 3532 alia
1180 3467 1248 3532 ulla
1264 3466 1408 3532 arbitra-

369 3671 405 3738 aa)
422 3670 474 3724 Die
491 3669 624 3725 sinuliche
636 3668 859 3736 Wahrnehmung
877 3668 1078 3723 unterscheidet
1090 3669 1149 3724 sich
1162 3671 1204 3724 als
1220 3669 1407 3736 ,immediaw

262 3779 316 3816 von
334 3761 382 3814 der
399 3758 592 3827 Amsdehuuug
612 3758 728 3823 Gestalt
748 3757 855 3822 Gnosso,
876 3757 918 3811 die
938 3757 986 3811 wir
1003 3775 1054 3811 nur
1072 3757 1188 3813 denken.

369 3850 404 3911 ²⁸)
426 3849 482 3903 Der
500 3846 701 3903 sensualismus
723 3845 876 3900 batrachlet
898 3844 941 3899 die
962 3845 1066 3914 Kbrper
1088 3843 1130 3900 als
1152 3845 1338 3900 Ursachen
1360 3845 1411 3900 der

263 3938 736 4106 Empfinglinlglergleichsweise,
754 3989 871 4077 dennin
883 4021 1027 4076 Wahrheit
1044 4021 1105 4077 sind
1122 4023 1220 4091 genade
1238 4022 1313 4077 diese
1324 4023 1410 4076 Ideen

262 4117 304 4170 die
324 4131 518 4170 verworrenen.
