3186 4870
228 455 231 462 .
262 413 326 477 202
695 405 849 461 Meditatie
867 405 959 460 Sexta.

262 608 475 672 externorum
514 603 688 683 duntaxat,
727 602 786 668 sed
822 601 923 668 etiam
961 601 1177 683 internorum,
1218 623 1295 668 nam
1330 604 1408 686 quid

262 720 373 786 delore
396 718 545 784 intimius
569 739 642 784 esse
666 721 798 802 petest?
827 717 920 799 atqui
944 717 1137 784 audiveram
1167 717 1342 800 aliquande
1365 719 1408 785 ab

259 835 302 902 iis
337 834 454 917 quibus
489 855 565 900 erus
600 836 659 899 aut
692 833 864 898 brachium
897 833 1009 899 fuerat
1044 832 1238 924 abseissum
1275 855 1311 900 se
1345 835 1408 900 sibi

261 950 367 1016 videri
391 950 499 1015 adhue
522 949 689 1016 interdum
713 949 859 1014 delorem
883 948 1007 1014 sentire
1031 948 1065 1014 in
1082 969 1123 1014 ea
1139 953 1236 1033 parte
1260 950 1408 1034 corporis

262 1072 326 1148 qua
350 1064 574 1148 carebant338)
605 1063 745 1146 ideoque
774 1063 876 1130 etiam
905 1063 940 1128 in
971 1084 1024 1129 me
1055 1085 1119 1130 nen
1150 1064 1248 1149 plane
1279 1068 1407 1131 eertum

261 1201 335 1247 esse
369 1179 545 1245 videbatur
582 1179 766 1244 membrum
805 1179 936 1260 aliquod
974 1177 1055 1242 mihi
1094 1178 1215 1271 dolere,
1256 1180 1408 1262 quamvis

262 1296 420 1362 sentirem
443 1295 477 1359 in
501 1316 540 1361 00
565 1294 768 1378 (1010101134)

359 1427 483 1507 Quibus
507 1427 608 1493 etiam
633 1428 714 1492 duas
737 1426 882 1492 maxime
903 1427 1077 1509 generales
1098 1426 1271 1493 dubitandi
1287 1449 1406 1494 causas

260 1544 416 1630 nuper³⁵)
463 1543 583 1610 adieci:
629 1543 737 1628 prima
776 1545 863 1623 erat,
903 1543 990 1624 quod
1025 1542 1115 1608 nulla
1149 1564 1293 1625 unquam
1328 1543 1404 1608 dum

260 1659 361 1742 vigilo
391 1680 445 1725 me
475 1659 600 1725 sentire
630 1658 836 1739 crediderim,
868 1679 953 1740 quae
984 1680 1049 1724 non
1079 1659 1181 1725 etiam
1211 1659 1300 1725 inter
1330 1659 1406 1725 dor-

259 1776 425 1842 miendum
464 1775 587 1860 possim
626 1774 803 1857 aliquando
839 1778 960 1859 putare
996 1795 1049 1840 me
1088 1775 1227 1854 sentire;
1267 1777 1406 1856 eumque

259 1891 315 1956 illa
338 1912 423 1973 quae
446 1890 572 1957 sentire
594 1889 675 1955 mihi
693 1890 809 1956 videor
828 1890 1013 1972 insomnis,
1037 1911 1102 1956 non
1119 1890 1253 1956 credam
1270 1911 1290 1956 a
1305 1890 1405 1956 rebus

260 2010 357 2074 extra
380 2028 433 2072 me
456 2006 573 2091 positis
597 2005 678 2071 mihi
702 2005 870 2086 advenire,
899 2027 965 2072 non
989 2005 1215 2087 advertebam,
1245 2026 1347 2087 quare
1369 2005 1404 2070 id

258 2122 369 2207 potius
393 2123 563 2188 crederem
594 2121 635 2187 de
658 2121 700 2186 iis
723 2142 808 2204 quae
832 2120 958 2186 sentire
981 2120 1062 2186 mihi
1086 2121 1201 2187 videor
1224 2119 1402 2203 vigilando.

259 2237 376 2303 Altera
413 2240 497 2318 erat,
536 2236 623 2318 quod
661 2239 735 2302 eum
774 2236 948 2302 authorem
987 2257 1081 2302 meae
1120 2236 1258 2318 originis
1297 2235 1403 2301 adhue

259 2351 506 2434 ignorarem,³⁶)
545 2352 599 2417 vel
637 2352 756 2418 saltem
794 2352 950 2434 ignorare
982 2374 1035 2419 me
1069 2350 1287 2435 fingerem‚⁸⁷)
1322 2351 1403 2417 1111111

258 2467 413 2533 videbam
446 2468 590 2549 obstare,
626 2489 689 2550 quo
716 2467 825 2533 minus
858 2488 965 2534 essem
989 2471 1110 2533 natura
1132 2467 1181 2533 ita
1203 2465 1404 2532 constitutus

259 2585 296 2648 ut
319 2582 463 2663 fallerer,
496 2583 598 2648 etiam
627 2581 662 2647 in
691 2581 733 2647 iis
764 2603 848 2665 quae
875 2582 957 2647 mihi
980 2581 1156 2648 verissima
1186 2581 1401 2666 apparebant.

258 2699 303 2764 ut
335 2701 494 2780 quantum
527 2698 570 2763 ad
602 2697 749 2764 rationes
781 2697 900 2781 quibus
933 2701 1033 2764 antea
1063 2718 1173 2764 rerum
1198 2696 1401 2763 sensibilium

259 2813 438 2879 veritatem
469 2812 550 2877 mihi
582 2833 825 2897 persuaseram,
859 2834 925 2878 non
958 2812 1135 2879 difficulter
1170 2812 1213 2878 ad
1245 2812 1318 2877 ilias
1351 2833 1404 2877 re-

258 2928 471 3013 spondebam.
497 2929 576 2994 Oirm
600 2927 688 2993 enim
711 2927 844 2994 viderer
866 2928 909 2993 ad
932 2929 1037 2994 multa
1052 2928 1177 3012 impelli
1193 2949 1214 2993 a
1230 2928 1402 3012 naturam)

258 3064 343 3125 quae
366 3043 452 3109 ratio
477 3043 701 3124 dissuadebat,
726 3064 791 3109 non
814 3043 954 3108 multum
971 3042 1138 3108 fidendum
1155 3063 1229 3108 esse
1244 3043 1403 3128 putabam

257 3158 298 3223 iis
331 3179 416 3241 quae
448 3179 468 3223 a
500 3162 621 3224 natura
653 3159 821 3224 docentur.
878 3158 923 3223 Et
955 3157 1106 3239 quamvis
1140 3178 1295 3222 sensuum
1326 3177 1404 3252 per-

258 3274 428 3359 ceptiones
456 3273 671 3339 avoluntate
701 3293 776 3339 mea
804 3294 869 3338 nen
898 3273 1093 3357 penderent,
1126 3293 1190 3338 non
1220 3271 1295 3338 ideo
1325 3293 1402 3337 0011-

258 3389 454 3454 eludendum
478 3409 552 3454 esse
574 3388 734 3472 putabam
757 3387 831 3453 illas
854 3409 875 3453 a
897 3387 997 3454 rebus
1028 3407 1048 3452 a
1071 3407 1124 3453 me
1155 3386 1296 3452 diversis
1325 3370 1402 3470 pre-

356 3654 391 3720 8³)
409 3653 442 3706 D.
456 3651 538 3721 spielt
550 3651 615 3716 hier,
629 3650 680 3703 wie
693 3649 847 3716 wirrici,
863 3651 1090 3717 „annotationes
1109 3668 1134 3720 p.
1147 3651 1198 3705 140
1216 3649 1333 3720 angiebt‚
1355 3650 1406 3705 auf

256 3741 324 3796 awai
341 3741 497 3796 bestimmte
515 3739 688 3794 Thatsaehen
706 3757 752 3793 au:
778 3740 836 3794 Aur
859 3739 917 3794 eine
943 3757 978 3794 an
1003 3739 1091 3794 einem
1110 3739 1245 3794 Muuehen
1269 3757 1302 3792 zu
1325 3739 1404 3793 Paris

256 3847 483 3898 vergenommene
495 3828 671 3899 Amputation
688 3828 744 3882 und
763 3829 811 3882 auf
822 3828 901 3883 einen
912 3828 1026 3894 Freund,
1046 3829 1093 3882 der
1105 3829 1143 3882 im
1155 3829 1241 3896 Lager
1253 3846 1302 3882 vor
1313 3827 1404 3882 Breda

257 3919 336 3972 einen
353 3918 420 3972 Arm
438 3917 534 3972 verior.

354 4025 388 4094 ⁸⁴)
413 4027 472 4080 Aue
491 4025 552 4078 dem
570 4024 681 4079 blussen
699 4022 918 4092 Submemgefflhl
935 4016 1013 4091 folgt‚
1039 4023 1091 4077 wie
1110 4022 1153 4077 die
1171 4021 1288 4090 tagliehe
1307 4021 1404 4076 Erfah-

256 4131 325 4182 rung
342 4113 423 4179 101111,
441 4113 621 4182 keineswegs,
640 4114 704 4168 dass
719 4113 767 4167 der
779 4112 905 4168 Sahmerz
923 4112 1023 4180 gerade
1039 4112 1182 4178 1101101111,
1200 4110 1290 4164 wohiu
1302 4127 1332 4163 er
1344 4127 1406 4164 ver-
