3186 4870
271 385 336 450 224
718 379 858 434 Meditatio
877 378 969 433 Sexta.

377 578 527 645 Adverto
551 579 727 661 praeterea
751 597 825 642 eam
850 596 924 642 esse
941 575 1087 660 corporis
1104 577 1259 641 naturam
1274 576 1419 642 utnulla

271 695 342 760 eius
365 715 444 779 pars
467 693 573 778 possit
596 693 638 757 ab
663 691 728 757 alia
758 696 855 776 parte
886 691 1091 774 aliquantum
1121 694 1251 757 remota
1280 693 1418 772 moveri,

271 810 349 892 quin
376 809 483 894 possit
513 807 615 874 etiam
645 807 771 873 moveri
802 807 918 873 eodem
948 806 1045 872 modo
1076 827 1097 871 a
1125 806 1272 888 qnalibet
1303 827 1346 873 ex
1376 807 1419 874 iis

271 947 356 1009 quae
391 924 601 1004 interiacent,
638 923 789 1005 quamvis
823 922 880 988 illa
913 921 1073 988 remotior
1107 921 1188 986 nihil
1223 926 1313 1005 agat.
1371 923 1419 990 Ut

272 1040 415 1125 exempli
438 1047 539 1106 eausa
566 1039 601 1105 in
624 1039 703 1105 fune
727 1037 766 1120 A,
791 1039 829 1120 Β,
855 1039 888 1120 d,
913 1039 952 1119 D,
977 1037 1006 1103 si
1029 1038 1184 1104 trahatur
1208 1038 1278 1104 eius
1302 1038 1419 1105 ultima

270 1178 349 1241 pars
372 1157 412 1237 D,
443 1177 509 1221 non
539 1154 603 1220 alio
628 1158 725 1238 pacto
750 1153 938 1220 movebitur
959 1130 1067 1237 prirha
1090 1153 1131 1234 A,
1162 1175 1260 1236 quam
1292 1154 1418 1220 moveri

271 1273 374 1338 etiam
397 1274 512 1356 posset
535 1270 563 1335 si
586 1270 779 1336 traheretur
801 1290 868 1334 una
891 1290 935 1335 ex
957 1269 1164 1336 intermediis
1185 1270 1223 1350 B,
1248 1270 1302 1335 vel
1325 1270 1359 1350 C,
1383 1273 1419 1334 et

272 1388 389 1454 ultima
412 1387 442 1451 D
465 1388 617 1451 maneret
639 1385 786 1451 immota.

379 1503 451 1568 Neo
475 1501 627 1567 dissimili
650 1501 780 1567 ratione
802 1505 875 1567 oiun
892 1501 1000 1568 sentio
1017 1501 1162 1568 dolorem
1178 1502 1283 1586 pedis,
1308 1501 1421 1567 docuit

273 1640 325 1685 me
354 1617 497 1702 Physica
527 1638 661 1683 sensum
690 1617 782 1682 illum
811 1617 883 1683 fieri
914 1638 975 1701 ope
1006 1638 1181 1684 nervorum
1211 1638 1271 1701 per
1300 1618 1418 1701 pedem

273 1755 473 1819 sparsorum,
499 1734 554 1815 qui
577 1733 654 1798 inde
679 1734 721 1799 ad
745 1733 917 1799 cerebrum
940 1754 1044 1815 usque
1071 1732 1200 1798 funium
1229 1733 1336 1799 instar
1360 1753 1420 1798 ex-

272 1851 369 1932 tensi,
395 1851 471 1915 dum
495 1849 675 1915 trahuntur
695 1847 729 1913 in
746 1849 839 1932 pede,
863 1848 1004 1914 trahunt
1019 1848 1121 1914 etiam
1138 1847 1274 1914 intimas
1290 1847 1421 1914 oerebri

272 1966 437 2050 11111183)
469 1966 512 2032 ad
539 1985 622 2047 quas
649 1966 855 2050 pertingunt,
887 1965 1127 2047 quemdamque
1158 1967 1282 2030 motum
1313 1963 1348 2028 in
1377 1962 1421 2029 iis

273 2082 432 2163 excitant,
446 2081 501 2165 qui
516 2081 691 2146 institutus
708 2084 760 2147 est
776 2101 797 2146 a
813 2083 943 2162 natura,
960 2083 998 2146 ut
1013 2083 1159 2147 mentem
1175 2079 1302 2146 afficiat
1318 2101 1421 2146 sensu

274 2197 395 2264 doloris
418 2201 578 2280 tanquam
601 2197 636 2262 in
659 2197 742 2281 pede
760 2196 946 2262 existentis.
984 2197 1049 2262 Sed
1072 2195 1149 2279 quia
1172 2195 1219 2261 illi
1242 2195 1336 2261 nervi
1360 2216 1421 2280 per

273 2312 399 2393 tibiam,
433 2334 519 2394 orus,
552 2313 691 2393 lumbos,
723 2312 866 2392 dorsum,
898 2314 933 2377 et
964 2312 1082 2377 collum
1111 2311 1256 2377 transire
1287 2311 1422 2393 debent,

272 2433 309 2495 ut
340 2449 360 2494 a
387 2429 471 2512 pede
502 2429 545 2494 ad
575 2429 748 2494 oerebmm
777 2427 985 2512 perveniant,
1016 2431 1129 2512 potest
1158 2427 1351 2510 contingere
1383 2431 1423 2494 ut

174 2601 175 2604 ,
273 2544 405 2610 etiamsi
429 2565 543 2610 eorum
566 2565 645 2628 pars
669 2565 754 2626 quae
778 2547 831 2610 est
857 2543 891 2608 in
919 2543 1004 2627 pede
1034 2565 1100 2610 non
1129 2543 1327 2626 attingatur,
1359 2543 1421 2608 sed

273 2659 383 2741 aliqua
406 2664 537 2726 tantum
562 2682 604 2726 ex
633 2659 851 2740 intermediis,
882 2659 971 2726 idem
1000 2661 1098 2744 plane
1128 2659 1183 2726 ille
1213 2658 1329 2725 modus
1359 2659 1423 2724 fiat

273 2774 307 2839 in
331 2777 466 2843 cerebro
490 2777 545 2860 qui
569 2779 607 2841 fit
631 2778 714 2861 pede
745 2777 831 2842 male
859 2776 989 2857 affecto,
1021 2796 1064 2841 ex
1095 2798 1159 2859 quo
1189 2795 1325 2841 necesse
1356 2774 1423 2840 erit

274 2892 311 2955 111
334 2911 428 2956 mons
451 2892 577 2958 sentiat
600 2893 740 2958 eundem
765 2893 926 2958 dolorem:
951 2895 987 2957 et
1008 2891 1097 2957 idem
1121 2892 1161 2957 de
1186 2890 1332 2973 quolibet
1355 2889 1422 2954 alio

274 3027 372 3072 sensu
395 3009 448 3072 est
469 3007 710 3091 putandumne)

379 3121 529 3189 Adverto
553 3122 694 3205 denique
718 3122 983 3206 quandoquidem
1008 3122 1232 3204 unusquisque
1256 3143 1299 3188 ex
1322 3120 1423 3187 moti-

273 3239 334 3304 bus
358 3237 414 3320 qui
437 3239 520 3304 fiunt
543 3238 578 3303 in
601 3245 641 3304 aa
664 3241 760 3323 parte
785 3239 912 3304 cerebri
940 3259 1024 3321 quae
1051 3237 1243 3305 immediate
1273 3240 1421 3303 mentem

274 3353 436 3438 afficite)
461 3375 527 3420 non
550 3354 614 3419 nisi
637 3376 739 3420 unum
763 3355 906 3436 aliquem
930 3375 1063 3420 sensum
1086 3353 1133 3419 illi
1152 3354 1313 3437 infert,⁸⁶)
1337 3352 1421 3418 nihil

382 3513 417 3581 ⁸⁸)
436 3512 487 3566 Dio
505 3513 554 3566 das
573 3512 675 3567 Gehim
699 3514 985 3568 zusammensetzendo
1009 3531 1092 3581 graue
1114 3513 1230 3567 Rinden·
1248 3512 1304 3566 und
1321 3511 1422 3565 weisse

273 3601 490 3656 Marksubstanz.

382 3690 417 3756 ⁸⁴)
435 3690 486 3744 Dio
504 3691 660 3759 Bewegung
683 3690 783 3759 erfolgt
805 3690 890 3746 durch
908 3691 1021 3747 brtliohe
1040 3690 1200 3760 Bemhmng
1219 3691 1266 3745 der
1282 3689 1423 3743 kleinsten

273 3778 428 3833 Theilohen.
462 3779 528 3833 Jede
547 3780 679 3836 sinnliohe
698 3779 879 3849 Empfindung
903 3779 978 3834 kann
1003 3781 1045 3835 uls
1062 3782 1219 3849 Bewegung
1236 3781 1265 3834 in
1283 3779 1335 3832 den
1353 3776 1423 3846 peri-

274 3867 434 3940 pherisohen
450 3867 515 3922 Reiz
531 3867 563 3934 A,
580 3869 608 3923 in
625 3869 668 3923 die
686 3868 894 3938 Furtpflanzung
912 3869 1056 3923 desselben
1073 3869 1156 3923 durch
1174 3869 1217 3923 dio
1229 3869 1337 3923 Nervsn
1349 3867 1380 3932 B,
1392 3867 1422 3932 O,

274 3957 328 4010 und
347 3957 396 4010 das
415 3956 490 4010 Ende
509 3957 557 4010 der
568 3958 770 4013 Nervenfasern
786 3958 825 4011 im
838 3957 946 4022 Gehirn,
961 3957 994 4024 D,
1008 3959 1110 4026 zerlegt
1122 3959 1239 4013 werden.
1258 3957 1311 4010 Wo
1324 3956 1424 4010 immor

274 4045 317 4098 die
339 4045 495 4114 Bewegung
517 4044 651 4114 beginnen
675 4065 747 4116 mag,
771 4047 805 4100 ub
827 4047 855 4100 in
872 4047 1151 4114 honorandae,
1175 4047 1218 4101 dio
1236 4045 1424 4114 Endwirlnmg

274 4133 298 4186 D
317 4133 402 4188 bleibt
420 4134 462 4189 als
481 4135 796 4205 Empfindungsvorgang
814 4135 852 4188 im
870 4134 971 4191 Gehirn
989 4134 1116 4192 dissolbe.
