3204 4874
271 385 334 450 184
710 380 849 436 Meditstio
869 380 976 447 Quinta.

268 579 326 644 ills
340 577 471 659 deflexi,
495 576 709 660 quantumvis
733 577 841 643 adhuc
863 579 1019 644 recorder
1041 599 1095 644 me
1117 578 1208 644 illam
1231 579 1414 647 clarissime

269 694 490 780 perspexisse,
515 693 613 759 facile
632 696 746 759 tamen
769 697 881 778 potest
897 693 1048 760 accidere
1070 696 1109 759 ut
1132 694 1279 761 dubitem
1304 716 1347 761 an
1370 696 1415 762 sit

269 831 359 890 vera,
371 809 399 874 si
412 809 544 893 quidem
554 810 660 874 Deum
672 808 862 892 ignorarem
876 807 1068 893 (ignoremlz
1085 831 1220 894 possum
1234 811 1321 876 enim
1333 811 1414 876 mihi

268 925 470 1010 persuadere
493 946 546 990 me
569 925 671 990 talem
695 927 855 990 enatura
881 924 1008 990 factum
1032 945 1106 990 esse
1129 928 1167 991 ut
1190 925 1357 992 interdum
1380 926 1414 995 in

267 1041 308 1107 iis
330 1041 429 1106 fallar
452 1061 536 1123 quae
559 1062 612 1106 me
636 1043 716 1124 puto
740 1061 838 1122 quam
862 1040 1111 1106 evidentissime
1134 1042 1316 1127 percipere,
1341 1046 1413 1109 chm

268 1155 466 1240 praesertim
490 1155 696 1221 meminerim
724 1176 778 1220 me
801 1176 901 1240 saepe
925 1156 1030 1221 multa
1058 1176 1119 1240 pro
1142 1157 1233 1222 veris
1256 1161 1291 1223 et
1314 1158 1416 1223 certis

268 1271 435 1351 habuisse,
466 1291 551 1354 qnae
580 1270 789 1356 postmodnm
821 1270 896 1336 ahie
926 1270 1111 1336 rationibus
1139 1272 1302 1338 adductus
1329 1273 1416 1338 falsa

269 1409 342 1453 esse
366 1386 568 1470 iudicavi.4⁰)

376 1503 557 1585 Postquam
581 1523 661 1568 vero
684 1502 817 1586 percepi
841 1503 947 1567 Deum
971 1522 1055 1582 esse,
1087 1501 1165 1584 quia
1192 1502 1290 1569 simul
1313 1503 1415 1570 etiam

269 1617 418 1684 intellexi
442 1621 577 1683 caetera
600 1617 711 1682 omnia
739 1617 780 1682 ab
805 1639 843 1683 eo
871 1618 1027 1702 pendere,
1058 1617 1215 1700 illumque
1245 1641 1311 1685 non
1342 1639 1416 1684 esse

270 1732 489 1816 fallacem341)
525 1737 625 1816 atque
658 1733 735 1798 inde
766 1732 884 1815 collegi
918 1733 975 1798 illa
1008 1733 1118 1799 omnia
1148 1754 1232 1816 quae
1264 1733 1352 1799 clare
1382 1737 1419 1800 et

271 1849 427 1915 distincte
465 1848 611 1932 percipio
650 1847 839 1914 necessario
878 1869 952 1914 esse
990 1850 1140 1928 vera342)
1181 1849 1312 1915 etiamsi
1351 1871 1415 1915 non

270 1964 441 2030 attendam
475 1963 616 2048 amplius
647 1964 690 2029 ad
719 1962 867 2029 rationes
901 1966 1038 2048 propter
1068 1985 1151 2046 quas
1180 1964 1270 2030 istud
1300 1985 1415 2030 verum

270 2101 343 2147 esse
366 2079 521 2161 iudicavi,
546 2079 642 2146 modo
665 2082 797 2145 tantum
820 2078 975 2145 recorder
998 2100 1051 2145 me
1075 2079 1164 2145 clare
1195 2082 1230 2145 et
1259 2079 1416 2145 distincte

270 2195 491 2281 perspexisse,
527 2196 617 2260 nulla
645 2195 731 2260 ratio
762 2194 930 2260 contraria
965 2194 1077 2260 afferri
1106 2197 1219 2279 potest
1249 2215 1334 2277 quae
1363 2215 1416 2260 me

271 2313 312 2376 ad
344 2311 560 2377 dubitandum
590 2308 796 2394 impellat,4³)
826 2310 885 2376 sed
915 2329 1030 2374 veram
1061 2312 1096 2375 et
1126 2313 1253 2376 certam
1284 2312 1324 2377 de
1354 2309 1416 2376 hoc

269 2428 376 2493 habeo
407 2426 596 2506 scientiam
625 2447 732 2508 neque
756 2426 796 2491 de
820 2425 883 2491 hoc
904 2427 1047 2505 tantum,
1079 2426 1138 2490 sed
1162 2429 1197 2492 et
1220 2426 1261 2491 de
1280 2425 1416 2509 reliquis

270 2542 422 2609 omnibus
452 2562 536 2625 quae
566 2541 700 2607 memini
728 2562 781 2606 me
811 2539 988 2623 aliquando
1018 2541 1278 2621 demonstrasse,
1310 2545 1348 2607 ut
1375 2541 1416 2607 de

270 2658 488 2724 Geometriois
518 2661 553 2723 et
576 2656 752 2722 similibus:
783 2656 862 2739 quid
886 2655 973 2721 enim
997 2677 1083 2721 nunc
1107 2655 1188 2721 mihi
1212 2661 1415 2742 opponetur?

270 2775 366 2839 Mene
391 2772 493 2838 talem
517 2772 644 2837 factum
674 2793 748 2837 esse
779 2775 816 2836 ut
844 2791 944 2856 saepe
974 2771 1094 2838 fallar?
1124 2774 1161 2837 at
1183 2771 1248 2836 iam
1273 2771 1340 2837 scio
1364 2793 1417 2837 me

269 2889 304 2955 in
327 2889 368 2954 iis
391 2909 476 2972 quae
499 2887 674 2973 perspicue
697 2886 847 2970 intelligo
871 2886 942 2951 falli
965 2908 1031 2952 non
1054 2908 1165 2972 posse:
1194 2908 1289 2953 mene
1313 2887 1417 2952 multa

271 3006 354 3070 alias
377 3026 436 3089 pro
460 3003 550 3070 veris
574 3007 609 3069 et
637 3002 738 3068 certis
765 3002 932 3083 habuisse,
963 3023 1048 3084 quae
1079 3006 1197 3086 postea
1227 3003 1313 3068 falsa
1343 3024 1417 3069 esse

272 3120 494 3206 deprehendi?
518 3119 610 3201 atqui
634 3119 723 3183 nulla
746 3139 790 3184 ex
804 3118 847 3182 iis
862 3118 951 3183 clare
968 3119 1002 3183 et
1019 3117 1175 3183 distincte
1191 3139 1416 3202 perceperam,

378 3315 414 3383 ⁴⁰)
439 3314 502 3367 Wie
519 3315 548 3367 in
566 3314 615 3367 der
632 3316 724 3368 ersten
741 3312 908 3367 Meditation.

379 3402 415 3470 ⁴¹)
439 3403 473 3456 D.
492 3401 541 3456 hat
563 3403 623 3457 dies
645 3402 818 3470 heineswegs
844 3401 993 3465 bewiesen,
1021 3401 1138 3456 sordem
1162 3401 1296 3458 nursino
1322 3403 1418 3467 ,vetus

271 3493 374 3563 opinio“
395 3492 458 3546 aufs
475 3490 550 3545 Neue
567 3490 722 3561 behauptet.

378 3580 415 3648 ⁴²)
439 3579 489 3634 Die
502 3578 736 3648 Wahrheitsregel
756 3579 825 3634 wird
843 3580 872 3633 in
892 3578 964 3633 ihrer
981 3578 1245 3645 Allgemeinheit
1270 3577 1419 3646 allerdings

271 3671 356 3727 durch
375 3672 418 3725 die
435 3669 809 3739 ghttlicheWahrhsstiglxeit
823 3669 981 3737 hekrdftigt,
1005 3668 1074 3724 doch
1090 3669 1127 3724 ist
1144 3667 1192 3721 der
1199 3667 1329 3723 Vorwnrf
1343 3668 1420 3722 eines

273 3760 511 3826 Oirlrelschlusses,
525 3760 577 3813 den
589 3777 684 3814 ausser
696 3758 749 3812 den
761 3758 865 3813 h‘lteren
878 3757 1003 3826 Gegnern
1017 3757 1086 3812 such
1098 3757 1281 3824 Ueberweg
1293 3755 1419 3824 (Grundr.

272 3852 319 3904 der
338 3850 436 3905 Gasch.
450 3849 496 3903 der
508 3848 557 3902 Ph.
573 3849 649 3914 1898,
662 3848 714 3902 ΙΙΙ1
734 3849 760 3902 S.
774 3848 819 3916 86)
841 3849 896 3902 und
919 3847 1121 3902 Kirchmann
1139 3845 1192 3916 (D)
1211 3845 1313 3898 Werke
1332 3845 1358 3900 S.
1372 3844 1419 3912 91)

272 3939 432 3993 wiederholt
443 3938 539 4004 haben,
557 3938 650 3991 nicht
662 3937 876 4005 gerochtfertigt.
901 3935 951 3990 Die
965 3935 1130 3990 Gawissheit
1141 3935 1190 3989 des
1202 3934 1308 3989 Satzes:
1323 3951 1420 3998 ,omne

272 4029 340 4083 illud
359 4046 419 4084 esse
439 4045 540 4092 11111111,
559 4027 631 4096 quod
649 4026 722 4081 clare
742 4028 770 4080 et
787 4025 913 4079 distincte
930 4025 1062 4095 percipio¹‘
1077 4023 1142 4078 ruht
1159 4022 1285 4076 induktiv
1297 4023 1346 4077 anf
1357 4022 1421 4076 dem

276 4119 388 4186 ,cogito
402 4118 477 4172 sum*
497 4116 552 4170 und
570 4117 633 4170 dem
648 4115 756 4182 ,lumen
771 4113 910 4168 naturale⁸
930 4114 995 4168 oder
1011 4113 1059 4168 der
1074 4117 1185 4180 ,natura
1201 4100 1309 4166 mentis.
1334 4111 1422 4167 Unter
