3188 4876
251 380 293 444 20
648 372 725 427 Β1111
740 391 775 428 an
794 372 836 426 die
855 372 1000 428 sorbonne.

251 576 286 638 et
309 591 468 657 expresse
490 570 628 636 mandet
651 567 848 635 Christianis
865 566 1075 653 Philosophia
1096 571 1136 634 ut
1159 589 1273 635 eorum
1296 589 1396 652 argu-

251 691 365 754 menta
397 687 590 767 dissolvant,
624 691 659 752 et
688 686 867 752 veritatem
897 706 959 770 pro
989 683 1116 750 viribus
1148 685 1300 768 probent,
1332 684 1396 751 hoc

251 803 352 870 etiam
387 801 527 886 aggredi
561 824 627 868 non
662 801 820 867 dubitavi.
829 802 856 886 ὃ)
914 801 1096 866 Praeterea
1134 799 1290 883 quoniam
1327 800 1395 866 scio

250 919 424 1004 plerosque
447 917 566 1002 impios
590 939 655 984 non
679 917 777 982 aliam
802 917 842 983 ob
866 935 999 982 causam
1024 916 1110 981 nolle
1134 916 1270 982 credere
1288 917 1395 982 Deum

251 1056 336 1116 esse,
359 1036 571 1115 mentemque
594 1032 773 1098 humanam
797 1052 818 1097 e
841 1051 978 1116 corpore
1001 1031 1172 1114 distingui,
1196 1053 1295 1114 quam
1319 1032 1396 1115 quia

252 1150 366 1216 dieunt
394 1150 478 1214 haec
502 1149 565 1213 duo
590 1168 610 1212 a
633 1147 764 1213 nemine
793 1146 955 1214 hactenus
982 1147 1131 1232 potuisse
1159 1148 1394 1214 demonstrari:

251 1266 325 1330 Etsi
360 1264 448 1331 nullo
480 1263 577 1330 modo
611 1262 653 1328 iis
688 1261 868 1344 assentiar,
901 1263 961 1328 sed
993 1267 1110 1329 contra
1143 1263 1291 1329 rationes
1324 1263 1396 1329 fere

252 1402 376 1462 omnes,
407 1400 492 1464 quae
518 1400 578 1464 pro
609 1378 662 1444 his
692 1377 940 1461 quaestionibus
964 1399 984 1443 a
1008 1378 1138 1461 magnis
1163 1377 1244 1443 viris
1274 1379 1395 1445 allatae

252 1496 375 1580 sunt,⁶)
400 1517 473 1562 cum
498 1495 581 1560 satis
603 1494 844 1577 intelliguntur,
864 1494 932 1559 vim
956 1494 1249 1561 demonstrationis
1272 1494 1396 1561 habere

251 1616 376 1697 putem,
392 1611 516 1693 vixque
540 1611 623 1676 ullas
648 1610 719 1676 dari
742 1631 840 1695 posse
864 1610 944 1674 mihi
967 1611 1198 1694 persuadeam,
1222 1631 1307 1692 quae
1330 1631 1396 1676 non

251 1728 343 1812 prius
367 1728 409 1792 ab
433 1726 596 1809 aliquibus
613 1725 687 1791 aliis
706 1725 833 1791 fuerint
850 1726 1021 1792 inventae:
1046 1726 1139 1791 Nihil
1154 1728 1268 1791 tamen
1283 1725 1397 1791 utilius

251 1843 286 1909 in
319 1841 532 1927 Philosophia
563 1841 728 1926 praestari
761 1862 860 1925 posse
893 1841 1063 1923 existimo,
1099 1862 1197 1923 quam
1233 1842 1261 1906 si
1296 1843 1397 1908 semel

196 1955 202 1980 ¹
252 1958 396 2026 omnium
421 1957 566 2043 optimae
596 1956 744 2024 studiose
768 1960 981 2039 quaerantur,
1005 1960 1140 2039 tamque
1164 1960 1331 2037 accurate,
1363 1961 1397 2022 et

250 2075 423 2160 perspicue
448 2076 667 2158 exponantur,
698 2076 736 2139 ut
759 2072 847 2156 apud
870 2092 984 2138 omnes
1007 2075 1139 2138 constet
1167 2072 1395 2156 inposterum

252 2211 309 2255 eae
342 2210 416 2256 esse
449 2187 759 2255 demonstrationes.
812 2185 862 2252 Ac
893 2187 1033 2269 denique
1064 2188 1217 2270 quoniam
1248 2188 1395 2254 nonnulli

251 2304 369 2387 quibus
401 2307 516 2370 notum
549 2306 602 2369 est
633 2324 687 2369 me
717 2303 882 2385 quandam
916 2301 1103 2369 excoluisse
1129 2303 1322 2369 Methodum
1353 2305 1395 2368 ad

252 2441 334 2503 quas
357 2419 439 2485 libet
462 2417 675 2485 difficultates
698 2417 733 2484 in
757 2417 906 2483 scientiis
924 2418 1150 2499 resolvendas,
1174 2439 1239 2484 non
1264 2419 1395 2501 quidem

178 2597 182 2600 .
251 2556 382 2616 novam,
406 2534 484 2617 quia
508 2534 588 2599 nihil
613 2537 665 2600 est
688 2533 832 2599 veritate
856 2533 1036 2616 antiquius,
1060 2533 1119 2600 sed
1142 2541 1207 2616 qua
1226 2555 1279 2600 me
1296 2555 1396 2619 saepe

249 2651 285 2716 in
309 2651 382 2716 aliis
405 2672 471 2717 non
500 2649 679 2715 infeliciter
706 2650 755 2715 uti
779 2649 949 2715 viderunt:
981 2649 1043 2715 hoc
1067 2656 1163 2716 ame
1187 2671 1395 2735 summopere

249 2765 459 2849 flagitarunt:
488 2766 631 2848 Ideoque
655 2763 755 2830 officii
778 2764 843 2830 mei
867 2785 941 2830 esse
963 2765 1079 2848 putavi
1102 2765 1252 2831 nonnihil
1275 2766 1338 2831 hac
1361 2767 1396 2831 in

250 2904 287 2948 re
311 2881 432 2948 conari.
480 2880 640 2963 Quicquid
671 2883 782 2945 autem
810 2883 984 2964 praestare
1012 2879 1115 2963 potui,
1146 2882 1254 2946 totum
1276 2881 1311 2947 in
1334 2882 1396 2947 hoc

251 2997 410 3063 Tractatu
445 2995 643 3062 continetur.
701 2995 778 3062 Non
817 2996 904 3077 quod
941 2994 977 3059 in
1015 3015 1054 3060 eo
1093 2994 1244 3061 diversas
1282 3017 1397 3062 omnes

359 3221 380 3285 ὅ1
399 3219 456 3272 Das
474 3219 564 3271 ftnfte
581 3218 836 3272 Lateranconcil
853 3219 945 3272 wurde
969 3219 1037 3272 1512
1058 3235 1110 3272 von
1129 3216 1218 3271 Julius
1236 3217 1262 3270 ll
1285 3217 1397 3271 erbffnet

250 3309 305 3363 und
321 3308 388 3360 1517
406 3306 477 3361 nach
496 3307 578 3360 zwblf
592 3307 738 3374 Sitzungen
750 3325 804 3361 von
816 3307 871 3360 Leo
883 3307 909 3360 X
922 3307 1111 3375 geschlossen:
1131 3305 1181 3359 Die
1194 3305 1274 3359 echte
1287 3305 1397 3373 Sitzung

250 3397 317 3451 fand
335 3413 379 3450 am
400 3396 440 3449 ll.
453 3395 607 3448 November
627 3395 695 3449 1513
720 3398 789 3450 stett
812 3396 868 3449 und
892 3394 1054 3450 verurtheilt
1079 3393 1148 3448 nach
1174 3394 1236 3447 dem
1252 3395 1396 3462 Vorgange

251 3486 299 3539 des
319 3484 426 3540 Ooncils
445 3501 478 3536 zu
496 3483 600 3537 Vienne
620 3483 662 3537 die
681 3501 730 3538 aus
748 3487 914 3538 Averroes
940 3484 1109 3538 stammeude
1126 3482 1227 3537 These:
1256 3483 1398 3548 ,Animam

250 3572 447 3627 intellectivam
466 3573 608 3627 mortalem
627 3589 696 3635 esse,
716 3575 764 3627 aut
781 3575 888 3627 unicam
903 3573 930 3626 in
943 3573 1048 3627 cunctis
1060 3571 1239 3636 hominibus“,
1258 3572 1342 3625 sowie
1355 3571 1397 3624 die

250 3662 337 3717 Lehre
356 3662 404 3716 des
422 3662 660 3732 Pomponatius
680 3680 732 3717 von
751 3664 800 3717 der
818 3661 961 3731 doppelten
974 3661 1124 3716 Wahrheit.
1149 3661 1283 3715 Dasselbe
1298 3660 1398 3713 Decret

251 3751 343 3806 macht
367 3752 419 3805 den
444 3751 618 3805 dffentlichen
636 3751 754 3805 Lehrern
779 3751 827 3804 der
844 3750 1016 3820 Philosophie
1039 3767 1087 3803 zur
1104 3748 1211 3815 Pflicht,
1238 3749 1281 3803 die
1300 3747 1397 3802 Wehr-

250 3841 341 3896 heiteu
360 3841 408 3896 des
427 3840 601 3895 christlicheu
620 3840 759 3895 Glaubens
777 3858 811 3893 zu
828 3839 1022 3908 vertheidigen.

359 3929 468 3998 Gegen
481 3930 574 3984 diesen
583 3930 699 3984 zweiten
708 3928 787 3984 Theil
799 3930 847 3982 der
858 3929 937 3983 Bulle
953 3927 1280 3998 ῃ1111111111111111ιί1111κ
1295 3925 1397 3994 (Magn.

251 4017 321 4073 Bull.
334 4019 411 4072 Rom.
430 4019 612 4087 Luxemburgi
634 4020 700 4074 1727
719 4017 944 4087 7111111542)
970 4017 1091 4071 stimmte
1115 4016 1163 4069 der
1185 4013 1322 4068 bekannte
1345 4014 1397 4068 Do-

251 4105 515 4176 minikanergeneral
532 4107 672 4163 Thomas
691 4109 728 4162 de
746 4107 819 4173 Vio,
848 4106 896 4160 der
921 4105 1005 4160 echon
1031 4104 1136 4160 damals
1160 4104 1210 4158 mit
1232 4103 1320 4158 Recbt
1343 4103 1397 4156 ein-
