3204 4874
274 387 337 451 148
712 383 852 438 Meditatio
870 384 979 450 Quarta.

272 603 439 664 nunquam
463 580 610 664 fallerer;
635 603 697 648 nec
720 581 822 648 etiam
846 579 979 646 dubium
1004 583 1056 647 est
1079 579 1158 664 quin
1182 579 1264 647 velit
1287 602 1418 666 semper

271 697 306 764 id
329 698 416 781 quod
439 700 492 764 est
515 697 690 782 optimum;
718 718 804 764 anne
828 717 908 780 ergo
932 697 1049 763 melius
1072 700 1125 763 est
1147 717 1200 762 me
1224 695 1294 763 falli
1319 719 1417 781 quam

272 836 338 881 non
370 813 461 880 falli?
500 813 576 879 dum
609 813 693 880 haec
725 814 893 899 perpendo
927 813 1100 895 attentius,
1136 812 1280 880 occurrit
1312 813 1417 899 primo

271 951 338 996 non
367 929 448 995 mihi
478 950 552 996 esse
575 929 762 1009 mirandum
793 929 821 994 si
850 929 1012 1013 quaedam
1037 950 1057 996 1
1079 930 1150 996 Deo
1173 931 1256 996 fiant
1278 951 1416 1013 quorum

271 1045 419 1112 rationes
448 1067 514 1112 non
543 1045 742 1129 intelligam3
773 1067 834 1112 nec
865 1045 906 1112 do
937 1045 1008 1111 eius
1037 1044 1217 1111 existentia
1244 1044 1318 1111 ideo
1343 1066 1416 1112 esse

272 1161 535 1246 dubitandum¹⁵)
560 1162 647 1244 quod
669 1161 757 1228 forte
781 1161 943 1244 quaedam
967 1161 1033 1228 alia
1056 1181 1129 1226 esse
1155 1161 1310 1244 experiar
1333 1182 1417 1244 quae

272 1298 384 1360 quare,
410 1278 462 1342 vol
486 1277 647 1360 quomodo
682 1277 724 1342 ab
754 1277 809 1343 illo
842 1276 934 1343 facta
964 1277 1032 1343 sint
1062 1298 1128 1343 non
1159 1276 1416 1362 comprehend03

272 1397 345 1459 clim
369 1394 457 1460 euim
480 1393 547 1459 iam
570 1393 673 1460 sciam
696 1396 851 1459 naturam
875 1413 983 1459 meam
1012 1414 1086 1459 esse
1114 1393 1212 1459 valde
1241 1393 1416 1474 infirmam,
1455 1404 1458 1406 ’

272 1513 306 1576 et
329 1509 515 1591 limitatam,
547 1509 608 1576 Dei
640 1512 751 1576 autem
779 1513 934 1576 naturam
958 1530 1032 1576 esse
1055 1510 1261 1590 immensam,
1291 1510 1416 1577 incom-

270 1625 538 1712 prehensibilem,
563 1625 737 1707 infinitam,
763 1647 805 1692 ex
825 1625 888 1692 hoc
904 1625 987 1692 satis
1011 1626 1112 1692 etiam
1136 1626 1204 1693 seio
1227 1626 1416 1692 innumera-

270 1742 350 1808 bilia
372 1742 463 1808 illum
485 1763 583 1827 posse
608 1763 745 1825 quorum
770 1762 888 1809 causas
911 1742 1128 1827 ign0r0m;1⁶)
1154 1745 1254 1825 atque
1273 1742 1313 1809 ob
1330 1742 1416 1808 hanc

270 1858 400 1924 unicam
430 1857 594 1924 rationem
625 1861 732 1924 totum
762 1858 841 1924 illud
871 1879 1045 1924 causarum
1069 1879 1175 1941 genus
1198 1859 1284 1941 quod
1308 1879 1328 1923 a
1350 1859 1415 1924 fine

270 1974 339 2059 peti
363 1975 448 2041 solet
470 1974 505 2040 in
528 1975 628 2040 rebus
651 1974 803 2058 Physicis
826 1975 949 2041 nullum
977 1997 1073 2040 usum
1096 1974 1221 2041 habere
1244 1973 1414 2053 existimo;

270 2113 336 2157 uon
374 2091 462 2157 enim
497 2091 621 2173 absque
654 2092 846 2157 temeritate
881 2112 933 2156 me
965 2093 1046 2176 puto
1078 2112 1177 2176 posse
1209 2090 1414 2172 investigare

268 2208 352 2272 finos
375 2206 496 2292 Delu)
544 2207 696 2273 Occurrit
719 2207 821 2273 etiam
845 2229 911 2274 nou
933 2227 1033 2273 unam
1058 2207 1201 2291 aliquam
1226 2210 1413 2273 creaturam

269 2323 460 2408 separatim,
478 2322 537 2388 sed
553 2344 683 2388 omnem
700 2344 811 2389 rerum
827 2323 1172 2390 universitatemease
1188 2324 1413 2408 spectandam,

268 2438 398 2522 quoties
423 2460 466 2504 an
489 2459 591 2523 opera
613 2438 675 2504 Dei
699 2439 850 2523 perfecta
877 2439 945 2506 sint
974 2439 1185 2523 inquirimus;
1216 2441 1302 2523 quod
1326 2439 1411 2506 enim

268 2555 356 2622 forte
391 2577 456 2621 non
489 2554 665 2636 immerite,
706 2555 734 2620 si
769 2555 874 2622 solum
909 2559 1009 2637 esset,
1046 2555 1144 2621 valde
1182 2555 1412 2640 imperfectum

267 2671 447 2752 videretur,
479 2673 517 2736 ut
546 2669 673 2736 habens
705 2670 740 2735 in
770 2671 891 2736 mundo
921 2671 1085 2737 rationem
1118 2670 1225 2755 partis
1253 2674 1306 2737 est
1337 2692 1412 2756 per-

268 2787 501 2868 fectissimum
526 2790 560 2853 et
584 2786 735 2870 quamvis
759 2807 802 2853 ox
826 2809 890 2870 quo
914 2787 955 2852 de
979 2786 1129 2852 omnibus
1148 2786 1236 2853 volui
1260 2785 1413 2853 dubitare

268 2904 349 2969 nihil
373 2904 480 2969 adhuc
508 2907 643 2988 praeter
671 2924 735 2984 me,
768 2906 802 2969 et
825 2903 931 2968 Deum
963 2902 1109 2968 existere
1139 2906 1230 2969 certo
1261 2903 1412 2986 cognovi,

266 3041 333 3086 non
370 3041 504 3104 possum
543 3021 671 3100 tamen,
711 3040 753 3085 ex
791 3040 855 3102 quo
894 3018 1090 3084 immensam
1128 3017 1190 3084 Dei
1227 3018 1411 3104 potentiam

267 3134 498 3216 animadverti,
529 3155 654 3218 negare
678 3135 756 3217 quin
781 3135 885 3200 multa
909 3133 974 3200 alia
998 3134 1039 3200 ab
1063 3133 1118 3200 illo
1141 3133 1234 3200 facta
1257 3134 1334 3215 sint,
1360 3134 1412 3200 vel

267 3251 386 3316 saltem
410 3251 481 3316 fieri
504 3250 644 3335 possint,
674 3251 756 3316 adeo
781 3253 818 3318 ut
841 3271 903 3333 ego
927 3249 1091 3317 rationem
1114 3249 1221 3334 partis
1243 3249 1278 3315 in
1301 3271 1411 3316 rerum

266 3365 485 3431 universitate
509 3365 735 3446 obtineam.1⁸)
782 3365 909 3431 Deinde
935 3367 977 3431 ad
1000 3387 1053 3432 me
1081 3366 1216 3450 propius
1240 3366 1411 3446 accedens,

376 3522 410 3591 15)
428 3524 527 3579 Beaser
545 3530 616 3578 ware
635 3541 665 3578 es
684 3541 732 3592 gar
750 3525 826 3580 nicht
843 3543 875 3579 zu
893 3525 972 3591 irren,
992 3524 1058 3581 Gott
1074 3524 1123 3579 hat
1135 3525 1193 3579 dies
1205 3525 1281 3580 nicht
1292 3524 1411 3594 gewnIIt,

265 3613 324 3668 also
343 3613 445 3667 konnte
463 3631 527 3668 man
550 3631 584 3668 111
603 3613 692 3667 seinar
710 3613 782 3669 aute
805 3613 860 3668 und
878 3613 1134 3680 Vollkommenhait,
1160 3614 1260 3669 zuletzt
1285 3612 1354 3668 auch
1377 3631 1413 3668 an

265 3705 353 3758 seiner
371 3703 499 3756 Existenz
517 3702 649 3756 zweifeln.

376 3791 410 3860 ¹⁶)
430 3793 533 3848 Causas
544 3815 576 3838 =
587 3793 713 3858 rationes,
733 3792 782 3846 wir
800 3792 908 3846 konnen
927 3793 970 3847 die
981 3792 1130 3848 Absichten
1150 3793 1248 3848 Gottes
1265 3793 1341 3848 nicht
1356 3793 1412 3864 und

265 3882 362 3936 dlirfen
379 3882 540 3950 desswegen
559 3882 633 3936 seina
652 3881 902 3936 Vollkommenheit
919 3881 994 3936 nicht
1011 3883 1136 3950 leuguen.

373 3971 407 4039 17)
426 3971 559 4043 mahala
577 3971 620 4028 die
638 3970 754 4026 Ansicht
771 3971 920 4036 Bucon's,
941 3970 1004 4026 dass
1022 3973 1050 4026 in
1068 3971 1116 4026 der
1133 3971 1413 4027 Naturwisseuschaft

264 4060 323 4114 eine
340 4059 492 4128 Erkldrung
510 4059 560 4114 mit
577 4060 659 4114 Hulfe
679 4060 726 4113 der
740 4077 854 4125 ,causae
867 4061 979 4115 finales¹‘
995 4061 1221 4129 ausgoschlossen
1240 4063 1287 4128 sei,
1307 4079 1358 4115 nur
1375 4062 1413 4141 ist

265 4150 307 4203 die
320 4149 502 4217 Begrdnduug
520 4149 608 4202 dieser
621 4149 705 4203 Stella
718 4150 777 4203 eine
791 4149 983 4217 theologische.
1014 4150 1064 4204 Die
1077 4150 1229 4220 Erkldrung
1242 4167 1291 4205 aus
1303 4149 1413 4205 Zweck-
