3204 4874
275 380 337 444 160
711 375 851 429 Meditatio
870 375 979 442 Quarta.

273 573 315 640 ad
347 572 525 641 eliciendos
563 571 636 638 illos
674 574 769 638 actus
802 570 1000 653 voluntatis,
1036 571 1107 637 sive
1137 571 1194 638 illa
1228 571 1350 639 iudicia
1383 573 1418 640 in

272 689 391 774 quibus
418 690 530 756 fallor:
560 686 607 753 illi
637 687 724 754 enim
755 690 851 753 actus
880 691 959 754 sunt
989 687 1121 755 omnino
1152 688 1234 771 veri,
1266 692 1301 756 et
1330 689 1417 772 boni,

273 809 437 890 quatenus
460 826 480 872 a
503 805 573 872 Deo
598 804 796 889 dependent,
828 807 863 870 et
892 804 998 871 maior
1027 804 1062 869 in
1094 826 1147 871 me
1178 805 1418 888 quodammodo

272 921 435 1008 perfectio
478 924 531 988 est
574 920 660 1003 quod
703 920 776 988 illos
819 918 943 1004 possim
986 918 1106 992 elicere
1148 940 1248 1002 quam
1287 921 1315 987 si
1354 944 1419 989 non

273 1036 472 1124 possem344)
515 1035 660 1123 privatio
699 1039 827 1118 autem,
870 1035 905 1100 in
929 1054 994 1118 qua
1033 1037 1103 1101 solt
1140 1035 1227 1103 ratio
1270 1037 1419 1104 formalis

273 1154 434 1221 falsitatis
464 1157 499 1220 et
531 1147 646 1239 culpae
682 1151 844 1233 consist‘t,
877 1151 966 1217 nullo
996 1151 1059 1217 Dei
1089 1173 1250 1218 concursu
1280 1153 1418 1236 indiget,

274 1269 351 1353 quia
381 1291 447 1336 non
476 1272 529 1336 est
558 1290 623 1351 res,
655 1289 761 1352 neque
791 1268 834 1333 ad
862 1266 954 1332 illum
984 1267 1092 1333 relata
1122 1270 1160 1333 ut
1188 1288 1322 1335 causam
1352 1269 1420 1354 pri-

273 1384 376 1466 vatio,
408 1383 467 1451 sed
498 1385 727 1452 tantummodo
759 1384 894 1468 negatio
931 1383 994 1451 dici
1030 1384 1195 1470 debet345)
1228 1405 1306 1450 nam
1339 1406 1419 1452 sane

273 1501 363 1566 nulla
385 1499 593 1585 imperfectio
617 1500 651 1566 in
674 1501 745 1568 Deo
769 1503 830 1582 est,
863 1501 950 1584 quod
973 1500 1054 1567 mihi
1076 1500 1267 1568 libertatem
1291 1501 1420 1568 dederit

274 1615 478 1683 assentiendi
501 1617 555 1682 vel
578 1638 644 1684 non
668 1616 872 1683 assentiendi
895 1617 1103 1700 quibusdam,
1133 1640 1272 1702 quorum
1295 1619 1419 1686 clarum

274 1736 309 1799 et
337 1732 528 1800 distinctam
558 1732 805 1818 perceptionem
836 1734 871 1799 in
897 1733 1069 1801 intellectu
1099 1755 1173 1801 meo
1203 1756 1269 1801 non
1299 1733 1419 1819 posuit,

274 1849 333 1915 sed
356 1848 569 1934 proculdubio
597 1849 632 1914 in
664 1870 716 1915 me
745 1849 954 1934 imperfectio
978 1853 1041 1932 est,
1066 1850 1152 1933 quod
1175 1849 1241 1916 ista
1263 1850 1419 1917 libertate

275 1986 340 2031 non
363 1965 447 2031 bene
471 1968 557 2047 utar,
590 1968 625 2030 et
649 1964 689 2030 de
713 1964 754 2030 iis
777 1986 863 2047 quae
886 1987 952 2032 non
975 1969 1068 2032 recte
1091 1965 1240 2048 intelligo
1264 1965 1420 2032 iudicium

274 2081 390 2147 feram.
437 2079 544 2148 Video
567 2083 681 2146 tamen
703 2081 776 2147 fieri
800 2102 820 2147 a
840 2082 910 2149 Deo
934 2081 1033 2149 facile
1056 2081 1204 2166 potuisse
1228 2085 1266 2148 ut
1289 2081 1420 2148 etiamsi

274 2218 444 2263 manerem
480 2196 579 2278 liber,
620 2200 655 2262 et
694 2196 892 2281 cognitionis
929 2197 1058 2280 finitae,
1103 2218 1269 2281 nunquam
1307 2201 1419 2264 tamen

274 2334 433 2394 errarem,
457 2334 576 2398 nempe
601 2313 629 2379 si
652 2313 707 2379 vel
728 2313 912 2380 intellectui
935 2335 1009 2382 meo
1033 2316 1158 2380 claram
1178 2317 1213 2380 et
1229 2313 1420 2381 distinctam

273 2428 520 2514 perceptionem
540 2429 685 2496 omnium
703 2429 743 2495 de
759 2429 877 2512 quibus
893 2451 1038 2513 unquam
1054 2451 1162 2496 essem
1179 2430 1420 2496 deliberaturus

273 2544 464 2625 indidisset;
484 2547 537 2611 vel
554 2549 685 2612 tanturn
703 2545 731 2612 si
747 2546 830 2613 adeo
845 2546 986 2613 firmiter
1001 2546 1181 2613 memoriae
1196 2545 1421 2632 impressisset

275 2662 315 2727 de
346 2661 435 2727 nulla
466 2683 612 2746 unquam
643 2685 680 2729 re
713 2685 787 2729 esse
816 2663 1027 2730 iudicandum
1058 2684 1157 2746 quam
1188 2663 1277 2730 clare
1307 2666 1341 2730 et
1372 2662 1421 2728 di-

274 2777 396 2844 stincte
419 2800 485 2845 non
507 2779 739 2863 intelligerem,
763 2783 801 2845 ut
824 2800 992 2863 nunquam
1016 2779 1086 2845 eius
1106 2801 1239 2864 possem
1257 2778 1422 2858 oblivisci,

274 2898 309 2960 et
342 2894 441 2961 facile
475 2895 624 2978 intelligo
663 2916 726 2977 me,
768 2899 931 2978 quatenus
969 2894 1134 2961 rationem
1175 2895 1280 2963 habeo
1319 2895 1422 2960 totius

275 3009 456 3092 cuiusdam,
487 3009 723 3095 perfectiorem
748 3011 897 3078 futurum
920 3011 1025 3077 fuisse
1048 3031 1148 3094 quam
1172 3033 1258 3077 nunc
1282 3032 1363 3092 sum,
1393 3009 1422 3076 si

274 3127 353 3192 talis
383 3126 496 3192 aDeo
526 3125 637 3192 factus
670 3147 787 3192 essem.
839 3127 904 3194 Sed
933 3149 1000 3194 non
1029 3127 1104 3194 ideo
1134 3148 1269 3212 possum
1298 3146 1422 3209 negare

275 3241 354 3324 quin
378 3241 483 3308 maior
506 3241 747 3324 quodammodo
778 3243 938 3328 perfectio
967 3241 1013 3309 sit
1042 3241 1077 3308 in
1107 3245 1180 3309 tota
1209 3263 1320 3308 rerum
1350 3239 1423 3307 uni·

275 3357 447 3439 versitate,
473 3356 559 3439 quod
583 3357 746 3439 quaedam
771 3357 842 3423 eius
864 3361 979 3443 partes
1003 3357 1045 3424 ab
1070 3357 1238 3425 erroribus
1260 3357 1424 3423 immunes

274 3494 340 3539 non
374 3472 451 3554 sint,
487 3471 571 3539 aliae
603 3495 684 3540 vero
717 3472 795 3554 sint,
829 3492 926 3556 quam
958 3472 987 3539 si
1021 3495 1135 3540 onmes
1169 3474 1267 3558 plane
1299 3473 1424 3540 similes

275 3591 403 3668 essent;
437 3591 472 3654 et
504 3589 627 3654 nullum
660 3589 767 3655 habeo
800 3588 852 3654 ius
885 3589 1108 3672 conquerendi
1143 3590 1230 3671 quod
1264 3610 1337 3656 eam
1370 3610 1424 3654 me

274 3705 365 3770 Deus
389 3703 423 3769 in
447 3704 569 3771 mundo
591 3706 768 3791 personam
792 3704 958 3771 sustinere
982 3706 1134 3788 voluerit,
1167 3726 1252 3788 quae
1282 3708 1426 3772 nonest

299 3939 300 3942 ’
346 3945 382 4014 ⁴⁴)
405 3945 436 3998 In
460 3945 548 4000 dieser
565 3943 757 4000 Wahlfreiheit
778 3945 912 4000 ubertrifft
933 3947 982 4000 der
1001 3944 1115 4002 Mensch
1137 3946 1180 4000 die
1201 3945 1293 4015 librige
1311 3947 1426 4016 Korper-

274 4053 301 4088 w
317 4034 328 4089 l

301 4038 384 4193 et2⁵)
403 4125 526 4178 Insofem
541 4125 587 4178 der
600 4124 715 4180 Irrthum
728 4142 777 4181 aus
793 4125 854 4178 dem
869 4125 1057 4182 fibereilten
1071 4125 1229 4182 Gebranche
1243 4126 1290 4179 der
1299 4125 1427 4180 Willens-
