3154 4860
255 353 317 417 176
693 350 834 405 Meditatio
852 350 959 418 Quinta.

255 567 360 628 neque
383 567 427 612 ex
450 567 489 612 eo
513 546 600 629 quod
620 547 764 630 cogitem
780 549 887 614 Deum
911 552 948 615 ut
972 547 1183 628 existentem,
1206 548 1281 613 ideo
1306 545 1401 629 sequi

253 661 386 728 videtur
408 664 514 729 Deum
538 662 698 730 existere:
723 664 846 729 nullam
870 665 958 730 enim
979 664 1215 730 necessitatem
1240 663 1400 746 cogitatio

236 795 238 800 ·
253 797 328 842 mea
351 778 450 844 rebus
470 778 625 862 impenit;
650 782 685 844 et
700 780 976 862 quemadmodum
991 778 1169 862 imaginari
1185 779 1264 844 licet
1279 799 1399 860 equum

254 893 437 975 alatum,²⁰)
477 893 540 960 etsi
580 893 687 959 nullus
726 916 830 977 equus
867 895 991 962 habeat
1026 896 1097 961 alas
1128 894 1177 960 ita
1209 894 1297 960 forte
1329 893 1400 958 Deo

253 1007 469 1074 existentiam
484 1030 618 1094 possum
635 1010 808 1093 affingere,
821 1010 973 1093 quamvis
989 1011 1097 1076 nullus
1109 1011 1200 1075 Deus
1216 1007 1399 1090 existatac

253 1125 323 1190 Imo
355 1124 525 1210 sophisma
557 1125 611 1191 hic
642 1127 785 1211 latet,²²)
818 1148 925 1209 neque
955 1126 1042 1192 enim
1075 1146 1118 1192 ex
1148 1146 1187 1190 eo
1218 1125 1304 1207 quod
1335 1145 1398 1189 non

254 1239 378 1324 possim
412 1239 561 1322 cogitare
593 1245 740 1308 montem
770 1243 834 1308 nisi
865 1263 939 1308 cum
972 1242 1068 1322 valle,
1100 1240 1250 1322 sequitur
1280 1238 1400 1305 alicubi

254 1358 401 1421 montem
425 1358 460 1420 et
484 1356 604 1422 vallem
627 1357 784 1438 existere,
810 1358 868 1423 sed
891 1361 1022 1424 tantum
1048 1358 1194 1422 montem
1217 1355 1399 1436 etvallem,

254 1469 325 1535 sive
354 1470 513 1552 existant,
544 1471 616 1538 sive
646 1495 712 1538 non
740 1473 898 1553 existant,
930 1494 951 1538 a
974 1493 1010 1538 se
1040 1475 1154 1538 mutuo
1183 1470 1312 1553 seiungi
1335 1491 1400 1536 non

255 1606 372 1669 posse;
404 1586 496 1668 atqui
521 1609 563 1653 ex
587 1609 626 1654 eo
650 1589 737 1671 quod
766 1611 832 1655 non
861 1588 984 1673 possim
1018 1587 1167 1670 cogitare
1196 1587 1302 1653 Deum
1337 1585 1401 1650 nisi

255 1701 466 1782 existentem,
491 1702 641 1786 sequitur
665 1703 880 1770 existentiam
904 1704 1013 1770 aDeo
1037 1722 1111 1768 esse
1134 1700 1400 1786 inseparabilem,

255 1838 294 1882 ac
317 1817 454 1901 proinde
477 1818 569 1885 illum
592 1841 713 1886 revera
736 1820 897 1899 existere;
927 1841 994 1884 nou
1022 1818 1109 1901 quod
1139 1838 1214 1882 mea
1241 1814 1401 1899 cogitatio

254 1933 316 1998 hoc
350 1934 485 2016 efficiat,
516 1935 588 2002 sive
624 1936 767 2019 aliquam
800 1935 1036 2003 necessitatem
1069 1933 1126 1999 ulli
1158 1933 1207 1998 rei
1241 1932 1399 2018 imponat,

254 2047 314 2114 sed
337 2053 454 2116 eontra
470 2051 548 2133 quia
562 2051 667 2137 ipsius
683 2051 742 2133 rei,
766 2071 885 2135 nempe
902 2049 1103 2117 existentiae
1119 2049 1191 2130 Dei,
1215 2047 1399 2114 necessitas

254 2184 307 2229 me
341 2165 543 2232 determinat
575 2167 617 2232 ad
649 2167 712 2234 hoc
745 2166 1025 2250 cogitandumas)
1059 2185 1167 2247 neque
1198 2164 1285 2230 enim
1320 2162 1399 2228 mihi

254 2278 392 2344 liberum
424 2284 476 2346 est
506 2282 612 2347 Deum
645 2283 769 2364 absque
800 2280 981 2348 existentia
1011 2280 1087 2362 (hoc
1111 2282 1163 2346 est
1190 2301 1250 2346 ens
1273 2298 1399 2344 summe

254 2393 441 2477 perfectum
465 2396 590 2486 absque
613 2418 743 2462 summa
765 2396 984 2483 perfectione)
1013 2395 1172 2479 cogitare,
1201 2398 1239 2461 ut
1261 2394 1400 2460 liberum

255 2512 317 2590 est,
343 2530 462 2592 equum
487 2513 540 2576 vel
565 2533 639 2578 cum
663 2513 734 2594 alis,
759 2513 813 2578 vel
836 2513 907 2578 sine
931 2511 993 2577 alis
1008 2509 1243 2593 imaginariae)
1282 2511 1399 2591 Neque

255 2623 356 2690 etiam
380 2625 434 2690 hic
459 2626 522 2692 dici
547 2627 655 2709 debet,
679 2649 815 2695 necesse
840 2629 971 2711 quidem
995 2649 1069 2694 esse
1093 2631 1130 2693 ut
1153 2647 1273 2711 ponam
1293 2627 1400 2691 Deum

254 2740 466 2823 existentem,
486 2746 663 2826 postquam
678 2745 773 2829 posui
788 2745 880 2810 illum
896 2743 1020 2810 habere
1036 2764 1150 2808 omnes
1166 2741 1399 2826 perfectiones,

254 2857 518 2940 quandoquidem
554 2859 735 2927 existentia
770 2881 837 2926 una
874 2863 927 2926 est
964 2881 1008 2926 ex
1044 2859 1120 2939 illis,
1159 2858 1218 2924 sed
1256 2857 1401 2943 priorem

253 2972 451 3055 positionem
460 2975 503 3058 ²⁶)
541 2976 765 3042 necessariam
797 2998 863 3042 non
897 2975 1016 3054 fuisse;
1052 2977 1090 3041 ut
1123 2994 1231 3056 neque
1263 2992 1401 3038 necesse

361 3195 396 3260 ²⁰)
422 3195 473 3248 Ein
498 3195 608 3250 zweites
626 3196 782 3251 Vcrurtheil
804 3203 877 3251 wtre
903 3213 945 3262 es,
971 3213 1052 3250 wenu
1074 3196 1124 3250 wir
1145 3195 1189 3250 die
1211 3194 1402 3261 nothwendige

254 3281 382 3337 Existenz
401 3283 498 3338 Gottes
524 3284 574 3338 mit
598 3284 643 3338 der
666 3284 742 3340 nicht
758 3284 968 3353 nothwendigen
986 3285 1116 3340 Existenz
1142 3284 1218 3339 eines
1235 3282 1403 3352 gefiflgelten

255 3369 367 3424 Pferdes
385 3371 557 3439 vergleichen
576 3372 695 3428 wllrden.

362 3459 398 3526 ²¹)
415 3459 449 3513 D.
463 3460 531 3514 trifft
548 3479 637 3530 genau
650 3463 702 3516 den
714 3462 853 3529 Einwand,
874 3463 925 3517 den
944 3467 1035 3518 zuerst
1050 3462 1192 3518 Gannilo
1210 3461 1248 3515 im
1265 3460 1343 3516 Liber
1354 3477 1402 3529 pro

253 3545 391 3616 insipienti
403 3547 441 3617 (6)
454 3550 509 3603 und
522 3550 570 3604 der
579 3550 744 3621 Aquinate
764 3553 800 3618 (S.
811 3551 849 3606 th.
858 3552 879 3618 I,
890 3552 928 3605 1³⁰
944 3568 988 3620 qn.
998 3551 1024 3605 lI
1037 3551 1107 3606 arti
1122 3551 1156 3605 ad
1173 3549 1295 3617 secund.)
1313 3566 1404 3617 gagen

255 3634 306 3688 den
325 3636 530 3704 ontologischen
544 3640 650 3694 Beweis
668 3640 786 3695 erheben
803 3640 907 3696 haben:
931 3641 980 3694 das
998 3640 1175 3709 vorgestellte
1189 3639 1259 3706 Sein,
1279 3639 1319 3694 sei
1337 3636 1404 3691 kein

253 3723 409 3779 wirkliches
422 3727 492 3781 Scin.
521 3728 620 3797 Megen
639 3730 697 3784 also
714 3729 858 3784 immerhin
876 3729 913 3783 im
932 3728 1201 3798 Gottesbegriffe
1223 3726 1401 3794 ,existentia¹‘

253 3814 307 3867 und
324 3816 472 3880 ,essentia“
491 3818 657 3872 untrennbar
672 3817 922 3884 zusammenfallen,
942 3817 1069 3872 wthrend
1087 3818 1126 3872 sie
1144 3819 1173 3872 in
1192 3817 1244 3871 den
1261 3815 1404 3884 geschtpf-

253 3902 342 3956 lichen
356 3903 462 3972 Dingen
475 3906 603 3961 trennbar
615 3907 684 3973 sind,
703 3925 734 3962 so
746 3906 832 3962 bleibt
844 3907 913 3962 doch
925 3907 1015 3966 dieses
1028 3907 1218 3975 nothwendige
1231 3905 1405 3960 Zusammen-

254 3991 339 4046 fallen
358 3995 444 4047 etwas
462 4012 513 4048 nur
531 3995 693 4052 Gedachtes.

362 4082 397 4150 ²²)
415 4082 473 4137 Das
492 4083 633 4154 Sophisma
654 4084 794 4151 ,fallaciae
814 4085 979 4140 divisionis“.

1565 3743 1573 3844 l
