3188 4876
240 370 283 432 44
496 363 627 434 Synopsis
645 362 700 416 Sex
719 360 893 430 Sequentium
911 359 1125 414 Meditationum.

240 562 283 627 ad
307 560 546 627 ostendendum
578 581 620 625 ex
644 557 791 642 corporis
822 557 1033 641 corruptione
1063 556 1185 622 mentis
1214 555 1387 621 interitum

240 699 304 742 non
336 676 444 758 sequi,
481 677 581 758 atque
617 675 664 740 sic
697 674 739 739 ad
772 672 910 739 alterius
943 673 1034 738 vitae
1067 693 1159 756 spem
1193 671 1388 737 mortalibus

239 792 442 870 faciendam3
480 794 551 855 tum
590 789 692 856 etiam
727 789 805 872 quia
840 788 1054 872 praemissae,
1089 809 1131 853 cx
1164 789 1282 870 quibus
1315 787 1387 872 ipsa

240 907 361 974 mentis
396 905 630 971 immortalitas
668 905 817 970 concludi
851 907 978 989 potest,
1012 926 1054 970 ex
1086 902 1191 970 totius
1223 904 1387 988 Physicae

191 1009 194 1013 Α
241 1021 461 1106 explicatione
495 1022 697 1105 dependent:
732 1020 838 1104 primo
874 1023 911 1085 ut
946 1021 1071 1086 sciatur
1106 1041 1220 1086 omnes
1255 1019 1387 1085 omnino

240 1137 460 1217 snbstantias,
497 1136 568 1202 sive
598 1157 668 1215 res,
702 1156 786 1218 quae
817 1156 837 1200 a
865 1137 935 1202 Deo
968 1135 1075 1201 creari
1108 1136 1231 1201 debent
1261 1138 1299 1200 ut
1330 1156 1388 1200 ex-

240 1255 359 1332 istant,
388 1275 430 1318 ex
459 1255 578 1318 natura
607 1260 666 1318 sua
694 1273 768 1318 esse
796 1251 1078 1336 incorruptibiles,
1109 1272 1170 1316 nec
1200 1272 1298 1335 posse
1326 1272 1388 1315 un-

241 1390 339 1450 quam
386 1367 537 1434 desinere
583 1389 672 1448 esse‚
719 1368 782 1432 nisi
829 1368 871 1432 ab
918 1368 1032 1438 eodem
1080 1368 1151 1432 Deo
1193 1387 1387 1433 concursum

173 1516 176 1520 ·
241 1506 335 1549 suum
373 1483 415 1548 iis
452 1484 640 1565 denegante
678 1483 721 1548 ad
757 1483 895 1548 nihilum
930 1484 1152 1562 reducantur;
1191 1504 1230 1548 ac
1269 1482 1388 1548 deinde

241 1603 277 1665 ut
309 1600 505 1664 advertatur
539 1620 658 1682 corpus
690 1598 821 1680 quidem
860 1599 894 1664 in
929 1621 1053 1682 genere
1091 1603 1273 1683 sumptum,
1313 1621 1387 1664 esso

240 1714 472 1796 substantiam,
508 1714 649 1800 ideoque
683 1735 850 1796 nunquam
886 1715 987 1780 etiam
1022 1714 1146 1799 perire3
1180 1715 1239 1780 sed
1269 1736 1389 1799 corpus

240 1830 434 1908 humanum,
463 1833 627 1912 quatenus
651 1851 671 1894 a
694 1829 831 1913 reliquis
860 1830 970 1897 differt
997 1830 1203 1914 corporibus,
1236 1852 1301 1896 non
1324 1830 1388 1896 nisi

241 1968 283 2012 ex
306 1949 399 2011 certa
422 1946 644 2012 membrorum
668 1947 939 2028 configuratione,
972 1946 1111 2028 aliisque
1142 1945 1302 2012 eiusmodi
1334 1967 1388 2011 ac·
1479 1957 1480 1960 ’

240 2061 426 2127 ridentibus
458 2082 532 2126 esse
564 2063 761 2140 conflatum;
801 2064 946 2126 mentem
985 2083 1065 2127 vero
1103 2061 1283 2127 humanam
1321 2083 1387 2127 non

239 2177 287 2243 ita
318 2199 361 2242 ex
391 2176 466 2242 ullis
499 2177 725 2242 accidentibus
759 2181 928 2257 constare,
962 2177 1020 2242 sad
1052 2198 1170 2262 puram
1203 2198 1278 2243 esse
1311 2177 1388 2242 sub·

240 2293 418 2358 stantiam:
452 2291 516 2358 etsi
546 2292 633 2359 enim
667 2291 778 2357 omnia
808 2292 879 2358 eius
912 2292 1097 2358 accidentia
1127 2295 1313 2374 mutentur,
1350 2297 1388 2359 ut

240 2409 326 2492 qnod
366 2407 449 2474 alias
481 2429 535 2474 res
567 2408 743 2490 intelligat,
776 2408 860 2474 alias
886 2408 982 2490 velit,
1022 2409 1106 2473 alias
1144 2409 1283 2489 sentiat,
1323 2412 1386 2475 etc.

239 2546 305 2590 non
349 2524 471 2589 idcirco
517 2524 590 2608 ipsa
631 2545 725 2590 mens
764 2524 830 2590 alia
868 2523 1002 2590 evadit:
1048 2523 1229 2588 humanum
1275 2528 1386 2590 autem

240 2661 358 2724 corpus
397 2639 485 2705 aliud
522 2641 562 2705 fit
599 2661 641 2705 ex
678 2639 742 2705 hoc
780 2641 849 2705 solo
896 2639 983 2722 quod
1024 2641 1132 2722 figura
1170 2640 1387 2721 quarumdam

240 2755 310 2820 eius
340 2755 485 2840 partium
514 2757 676 2821 mutetur:
713 2776 756 2819 ex
784 2754 902 2837 quibus
930 2754 1080 2837 sequitur
1108 2775 1227 2838 corpus
1255 2754 1387 2837 quidem

239 2871 397 2956 perfacile
425 2871 574 2953 interire,
602 2874 749 2936 mentem
778 2873 890 2936 autem
919 2891 961 2935 ex
990 2873 1110 2935 natura
1138 2877 1199 2936 sua
1226 2891 1300 2944 esse
1326 2869 1387 2934 im-

239 2987 423 3053 mortalem.

345 3139 383 3202 ln
407 3137 509 3203 tertia
530 3134 748 3203 meditatione
777 3158 887 3202 meum
910 3137 1124 3222 praecipuum
1153 3140 1387 3219 argumentum

240 3255 282 3319 ad
304 3254 510 3338 probandam
534 3251 596 3318 Dei
620 3252 835 3318 existentiam
859 3252 942 3318 satis
965 3253 1049 3333 fuse,
1079 3255 1116 3318 ut
1139 3252 1219 3317 mihi
1244 3253 1386 3332 videtur,

240 3368 392 3453 explicui.
440 3369 689 3449 Verumtamen,
723 3367 810 3450 quia,
846 3371 884 3432 ut
915 3368 1092 3433 Lectorum
1126 3367 1254 3433 animos
1289 3390 1388 3450 quam

239 3484 384 3548 maxime
415 3483 610 3549 asensibus
641 3483 850 3563 abducerem,
880 3483 978 3550 nullis
1008 3483 1054 3547 ibi
1085 3482 1387 3567 comparationibus

240 3600 382 3666 arabus
406 3599 573 3683 corporeis
596 3599 712 3687 petitis
736 3599 824 3665 volui
848 3599 907 3679 uti,
932 3600 1056 3664 multae
1080 3599 1224 3664 fortasse
1241 3599 1388 3664 obscuri-

239 3719 329 3781 tates
353 3718 596 3794 romanserunt‚
620 3715 679 3779 sed
708 3735 803 3798 quae,
835 3718 872 3780 ut
902 3735 1009 3798 spero,
1040 3716 1158 3798 postea
1187 3713 1220 3778 in
1251 3735 1389 3799 respon·

240 3831 389 3897 sionibus
418 3831 461 3896 ad
489 3829 691 3896 obiectiones
721 3831 819 3914 plane
849 3831 1021 3909 tollentur3
1053 3834 1090 3896 ut
1120 3830 1208 3895 inter
1237 3834 1389 3896 coeteras

215 3948 402 4030 ‘quomodo
436 3946 512 4011 idea
542 3945 630 4011 entis
662 3967 790 4012 summe
824 3945 976 4030 perfecti,
1012 3967 1096 4028 quae
1128 3945 1162 4010 in
1195 3946 1291 4012 nobis
1326 3950 1387 4025 est,

238 4066 370 4129 tantum
408 4062 534 4128 habeat
570 4061 736 4127 realitatis
775 4061 973 4142 obiectivae‚
1014 4064 1051 4127 ut
1082 4083 1148 4128 non
1181 4061 1289 4144 possit
1323 4083 1389 4127 non
