<?xml version="1.0" encoding="UTF-8"?>
<!DOCTYPE html PUBLIC "-//W3C//DTD XHTML 1.0 Transitional//EN"
    "http://www.w3.org/TR/xhtml1/DTD/xhtml1-transitional.dtd">
<html xmlns="http://www.w3.org/1999/xhtml" xml:lang="en" lang="en">
 <head>
  <title>
</title>
<meta http-equiv="Content-Type" content="text/html;charset=utf-8" />
  <meta name='ocr-system' content='tesseract 3.04.00' />
  <meta name='ocr-capabilities' content='ocr_page ocr_carea ocr_par ocr_line ocrx_word'/>
</head>
<body>
  <div class='ocr_page' id='page_1' title='image "./meditationesdep01gtgoog_0240.png"; bbox 0 0 3186 4870; ppageno 0'>
   <div class='ocr_carea' id='block_1_1' title="bbox 252 404 948 472">
    <p class='ocr_par' dir='ltr' id='par_1_1' title="bbox 252 404 948 472">
     <span class='ocr_line' id='line_1_1' title="bbox 252 404 948 472; baseline 0.001 -15"><span class='ocrx_word' id='word_1_1' title='bbox 252 407 317 472; x_wconf 82' lang='lat'>228</span> <span class='ocrx_word' id='word_1_2' title='bbox 679 404 838 459; x_wconf 76' lang='lat' dir='ltr'>,Meditatio</span> <span class='ocrx_word' id='word_1_3' title='bbox 857 405 948 460; x_wconf 85' lang='lat' dir='ltr'>Sexta.</span> 
     </span>
    </p>
   </div>
   <div class='ocr_carea' id='block_1_2' title="bbox 251 599 1400 1842">
    <p class='ocr_par' dir='ltr' id='par_1_2' title="bbox 251 599 1400 1842">
     <span class='ocr_line' id='line_1_2' title="bbox 252 599 1399 686; baseline 0.006 -22"><span class='ocrx_word' id='word_1_4' title='bbox 252 599 466 668; x_wconf 85' lang='lat' dir='ltr'>manifestum</span> <span class='ocrx_word' id='word_1_5' title='bbox 497 603 558 682; x_wconf 88' lang='lat' dir='ltr'>est,</span> <span class='ocrx_word' id='word_1_6' title='bbox 588 623 654 667; x_wconf 87' lang='lat' dir='ltr'>non</span> <span class='ocrx_word' id='word_1_7' title='bbox 684 602 839 668; x_wconf 87' lang='lat' dir='ltr'>obstante</span> <span class='ocrx_word' id='word_1_8' title='bbox 869 602 1032 668; x_wconf 88' lang='lat' dir='ltr'>immensa</span> <span class='ocrx_word' id='word_1_9' title='bbox 1054 602 1116 668; x_wconf 89' lang='lat' dir='ltr'>Dei</span> <span class='ocrx_word' id='word_1_10' title='bbox 1147 603 1307 686; x_wconf 88' lang='lat' dir='ltr'>bonitate,</span> <span class='ocrx_word' id='word_1_11' title='bbox 1339 625 1399 671; x_wconf 90' lang='lat' dir='ltr'>na-</span> 
     </span>
     <span class='ocr_line' id='line_1_3' title="bbox 251 716 1399 804; baseline 0.005 -24"><span class='ocrx_word' id='word_1_12' title='bbox 251 720 362 781; x_wconf 85' lang='lat' dir='ltr'>turam</span> <span class='ocrx_word' id='word_1_13' title='bbox 385 716 527 782; x_wconf 89' lang='lat' dir='ltr'>hominis</span> <span class='ocrx_word' id='word_1_14' title='bbox 550 719 589 781; x_wconf 91' lang='lat' dir='ltr'>ut</span> <span class='ocrx_word' id='word_1_15' title='bbox 612 738 654 782; x_wconf 84' lang='lat' dir='ltr'>ex</span> <span class='ocrx_word' id='word_1_16' title='bbox 677 721 790 783; x_wconf 86' lang='lat' dir='ltr'>mente</span> <span class='ocrx_word' id='word_1_17' title='bbox 814 721 849 784; x_wconf 92' lang='lat' dir='ltr'>et</span> <span class='ocrx_word' id='word_1_18' title='bbox 872 739 1009 802; x_wconf 86' lang='lat' dir='ltr'>corpore</span> <span class='ocrx_word' id='word_1_19' title='bbox 1029 719 1202 802; x_wconf 78' lang='lat' dir='ltr'><strong>compositi</strong></span> <span class='ocrx_word' id='word_1_20' title='bbox 1218 741 1285 786; x_wconf 87' lang='lat' dir='ltr'>non</span> <span class='ocrx_word' id='word_1_21' title='bbox 1299 741 1399 804; x_wconf 88' lang='lat' dir='ltr'>posse</span> 
     </span>
     <span class='ocr_line' id='line_1_4' title="bbox 251 831 1399 917; baseline 0.004 -21"><span class='ocrx_word' id='word_1_22' title='bbox 251 853 318 898; x_wconf 89' lang='lat' dir='ltr'>non</span> <span class='ocrx_word' id='word_1_23' title='bbox 341 831 517 915; x_wconf 85' lang='lat' dir='ltr'>aliquando</span> <span class='ocrx_word' id='word_1_24' title='bbox 548 853 622 898; x_wconf 85' lang='lat' dir='ltr'>esee</span> <span class='ocrx_word' id='word_1_25' title='bbox 649 832 862 917; x_wconf 60' lang='lat' dir='ltr'>fallacemae)</span> <span class='ocrx_word' id='word_1_26' title='bbox 908 833 997 899; x_wconf 89' lang='lat' dir='ltr'>Nam</span> <span class='ocrx_word' id='word_1_27' title='bbox 1028 833 1056 899; x_wconf 87' lang='lat' dir='ltr'>ei</span> <span class='ocrx_word' id='word_1_28' title='bbox 1087 855 1172 916; x_wconf 90' lang='lat' dir='ltr'>quae</span> <span class='ocrx_word' id='word_1_29' title='bbox 1202 854 1303 900; x_wconf 86' lang='lat' dir='ltr'>cauea</span> <span class='ocrx_word' id='word_1_30' title='bbox 1332 857 1399 901; x_wconf 87' lang='lat' dir='ltr'>non</span> 
     </span>
     <span class='ocr_line' id='line_1_5' title="bbox 251 947 1400 1034; baseline 0.003 -22"><span class='ocrx_word' id='word_1_31' title='bbox 251 948 285 1012; x_wconf 89' lang='lat' dir='ltr'>in</span> <span class='ocrx_word' id='word_1_32' title='bbox 316 948 411 1032; x_wconf 85' lang='lat' dir='ltr'>pede,</span> <span class='ocrx_word' id='word_1_33' title='bbox 442 947 501 1013; x_wconf 87' lang='lat' dir='ltr'>sed</span> <span class='ocrx_word' id='word_1_34' title='bbox 530 948 565 1013; x_wconf 91' lang='lat' dir='ltr'>in</span> <span class='ocrx_word' id='word_1_35' title='bbox 588 948 654 1013; x_wconf 72' lang='lat' dir='ltr'>alie</span> <span class='ocrx_word' id='word_1_36' title='bbox 678 947 795 1031; x_wconf 73' lang='lat' dir='ltr'>quevis</span> <span class='ocrx_word' id='word_1_37' title='bbox 818 948 1045 1032; x_wconf 82' lang='lat' dir='ltr'>expertibus,</span> <span class='ocrx_word' id='word_1_38' title='bbox 1070 970 1130 1034; x_wconf 91' lang='lat' dir='ltr'>per</span> <span class='ocrx_word' id='word_1_39' title='bbox 1153 969 1236 1033; x_wconf 88' lang='lat' dir='ltr'>quas</span> <span class='ocrx_word' id='word_1_40' title='bbox 1260 950 1355 1016; x_wconf 89' lang='lat' dir='ltr'>nervi</span> <span class='ocrx_word' id='word_1_41' title='bbox 1379 971 1400 1015; x_wconf 88' lang='lat' dir='ltr'>a</span> 
     </span>
     <span class='ocr_line' id='line_1_6' title="bbox 251 1056 1398 1149; baseline 0.003 -20"><span class='ocrx_word' id='word_1_42' title='bbox 251 1056 335 1148; x_wconf 90' lang='lat' dir='ltr'>pede</span> <span class='ocrx_word' id='word_1_43' title='bbox 366 1064 409 1129; x_wconf 84' lang='lat' dir='ltr'>ad</span> <span class='ocrx_word' id='word_1_44' title='bbox 439 1065 611 1130; x_wconf 86' lang='lat' dir='ltr'>cerebrum</span> <span class='ocrx_word' id='word_1_45' title='bbox 641 1065 866 1149; x_wconf 87' lang='lat' dir='ltr'>porriguntur,</span> <span class='ocrx_word' id='word_1_46' title='bbox 898 1065 952 1130; x_wconf 90' lang='lat' dir='ltr'>vel</span> <span class='ocrx_word' id='word_1_47' title='bbox 982 1065 1084 1130; x_wconf 87' lang='lat' dir='ltr'>etiam</span> <span class='ocrx_word' id='word_1_48' title='bbox 1107 1065 1142 1130; x_wconf 92' lang='lat' dir='ltr'>in</span> <span class='ocrx_word' id='word_1_49' title='bbox 1165 1065 1237 1149; x_wconf 87' lang='lat' dir='ltr'>ipso</span> <span class='ocrx_word' id='word_1_50' title='bbox 1262 1066 1398 1132; x_wconf 85' lang='lat' dir='ltr'>cerebro</span> 
     </span>
     <span class='ocr_line' id='line_1_7' title="bbox 252 1178 1399 1264; baseline 0.003 -21"><span class='ocrx_word' id='word_1_51' title='bbox 252 1178 392 1244; x_wconf 89' lang='lat' dir='ltr'>eundem</span> <span class='ocrx_word' id='word_1_52' title='bbox 416 1180 513 1264; x_wconf 88' lang='lat' dir='ltr'>plane</span> <span class='ocrx_word' id='word_1_53' title='bbox 537 1182 662 1245; x_wconf 90' lang='lat' dir='ltr'>motum</span> <span class='ocrx_word' id='word_1_54' title='bbox 687 1179 821 1260; x_wconf 86' lang='lat' dir='ltr'>excitet,</span> <span class='ocrx_word' id='word_1_55' title='bbox 846 1179 902 1263; x_wconf 90' lang='lat' dir='ltr'>qui</span> <span class='ocrx_word' id='word_1_56' title='bbox 925 1180 1010 1246; x_wconf 90' lang='lat' dir='ltr'>solet</span> <span class='ocrx_word' id='word_1_57' title='bbox 1034 1180 1174 1246; x_wconf 83' lang='lat' dir='ltr'>excitari</span> <span class='ocrx_word' id='word_1_58' title='bbox 1204 1181 1288 1264; x_wconf 85' lang='lat' dir='ltr'>pede</span> <span class='ocrx_word' id='word_1_59' title='bbox 1311 1182 1399 1246; x_wconf 85' lang='lat' dir='ltr'>male</span> 
     </span>
     <span class='ocr_line' id='line_1_8' title="bbox 252 1295 1399 1380; baseline 0.003 -21"><span class='ocrx_word' id='word_1_60' title='bbox 252 1295 381 1376; x_wconf 81' lang='lat' dir='ltr'>affecto,</span> <span class='ocrx_word' id='word_1_61' title='bbox 406 1295 570 1362; x_wconf 89' lang='lat' dir='ltr'>sentietur</span> <span class='ocrx_word' id='word_1_62' title='bbox 595 1296 686 1362; x_wconf 88' lang='lat' dir='ltr'>dolor</span> <span class='ocrx_word' id='word_1_63' title='bbox 709 1299 869 1378; x_wconf 81' lang='lat' dir='ltr'><strong>tanquam</strong></span> <span class='ocrx_word' id='word_1_64' title='bbox 898 1295 933 1360; x_wconf 90' lang='lat' dir='ltr'>in</span> <span class='ocrx_word' id='word_1_65' title='bbox 963 1296 1057 1380; x_wconf 88' lang='lat' dir='ltr'>pede,</span> <span class='ocrx_word' id='word_1_66' title='bbox 1089 1316 1271 1378; x_wconf 81' lang='lat' dir='ltr'>sensusque</span> <span class='ocrx_word' id='word_1_67' title='bbox 1301 1300 1399 1362; x_wconf 90' lang='lat' dir='ltr'>natu-</span> 
     </span>
     <span class='ocr_line' id='line_1_9' title="bbox 252 1409 1397 1494; baseline 0.002 -20"><span class='ocrx_word' id='word_1_68' title='bbox 252 1409 367 1475; x_wconf 86' lang='lat' dir='ltr'>raliter</span> <span class='ocrx_word' id='word_1_69' title='bbox 391 1409 535 1493; x_wconf 86' lang='lat' dir='ltr'>falletur,</span> <span class='ocrx_word' id='word_1_70' title='bbox 560 1410 638 1494; x_wconf 88' lang='lat' dir='ltr'>quia</span> <span class='ocrx_word' id='word_1_71' title='bbox 661 1414 735 1476; x_wconf 81' lang='lat' dir='ltr'>cirm</span> <span class='ocrx_word' id='word_1_72' title='bbox 761 1411 817 1475; x_wconf 91' lang='lat' dir='ltr'>ille</span> <span class='ocrx_word' id='word_1_73' title='bbox 843 1410 931 1475; x_wconf 91' lang='lat' dir='ltr'>idem</span> <span class='ocrx_word' id='word_1_74' title='bbox 961 1413 1071 1476; x_wconf 86' lang='lat' dir='ltr'>motus</span> <span class='ocrx_word' id='word_1_75' title='bbox 1101 1409 1135 1474; x_wconf 91' lang='lat' dir='ltr'>in</span> <span class='ocrx_word' id='word_1_76' title='bbox 1167 1411 1302 1477; x_wconf 85' lang='lat' dir='ltr'>cerebro</span> <span class='ocrx_word' id='word_1_77' title='bbox 1333 1433 1397 1478; x_wconf 89' lang='lat' dir='ltr'>non</span> 
     </span>
     <span class='ocr_line' id='line_1_10' title="bbox 251 1525 1399 1610; baseline 0.002 -20"><span class='ocrx_word' id='word_1_78' title='bbox 251 1525 358 1608; x_wconf 81' lang='lat' dir='ltr'>possit</span> <span class='ocrx_word' id='word_1_79' title='bbox 381 1525 445 1591; x_wconf 86' lang='lat' dir='ltr'>nisi</span> <span class='ocrx_word' id='word_1_80' title='bbox 468 1527 608 1591; x_wconf 89' lang='lat' dir='ltr'>eundem</span> <span class='ocrx_word' id='word_1_81' title='bbox 632 1547 764 1610; x_wconf 82' lang='lat' dir='ltr'>semper</span> <span class='ocrx_word' id='word_1_82' title='bbox 786 1547 920 1591; x_wconf 88' lang='lat' dir='ltr'>sensum</span> <span class='ocrx_word' id='word_1_83' title='bbox 943 1525 1049 1591; x_wconf 87' lang='lat' dir='ltr'>menti</span> <span class='ocrx_word' id='word_1_84' title='bbox 1071 1525 1206 1607; x_wconf 85' lang='lat' dir='ltr'>inferre,</span> <span class='ocrx_word' id='word_1_85' title='bbox 1231 1527 1399 1609; x_wconf 89' lang='lat' dir='ltr'>multoque</span> 
     </span>
     <span class='ocr_line' id='line_1_11' title="bbox 251 1640 1400 1726; baseline 0.002 -22"><span class='ocrx_word' id='word_1_86' title='bbox 251 1640 459 1722; x_wconf 85' lang='lat' dir='ltr'>frequentius</span> <span class='ocrx_word' id='word_1_87' title='bbox 483 1641 562 1707; x_wconf 89' lang='lat' dir='ltr'>oriri</span> <span class='ocrx_word' id='word_1_88' title='bbox 586 1643 692 1707; x_wconf 81' lang='lat' dir='ltr'>soleat</span> <span class='ocrx_word' id='word_1_89' title='bbox 715 1662 736 1706; x_wconf 84' lang='lat' dir='ltr'>a</span> <span class='ocrx_word' id='word_1_90' title='bbox 758 1648 860 1707; x_wconf 76' lang='lat' dir='ltr'>eausa</span> <span class='ocrx_word' id='word_1_91' title='bbox 890 1661 975 1723; x_wconf 85' lang='lat' dir='ltr'>quae</span> <span class='ocrx_word' id='word_1_92' title='bbox 1004 1640 1120 1707; x_wconf 85' lang='lat' dir='ltr'>laedit</span> <span class='ocrx_word' id='word_1_93' title='bbox 1139 1641 1268 1726; x_wconf 90' lang='lat' dir='ltr'>pedem,</span> <span class='ocrx_word' id='word_1_94' title='bbox 1299 1662 1400 1724; x_wconf 85' lang='lat' dir='ltr'>quam</span> 
     </span>
     <span class='ocr_line' id='line_1_12' title="bbox 252 1748 1400 1842; baseline 0.002 -22"><span class='ocrx_word' id='word_1_95' title='bbox 252 1756 294 1821; x_wconf 88' lang='lat' dir='ltr'>ab</span> <span class='ocrx_word' id='word_1_96' title='bbox 319 1755 384 1821; x_wconf 90' lang='lat' dir='ltr'>alia</span> <span class='ocrx_word' id='word_1_97' title='bbox 407 1756 485 1822; x_wconf 82' lang='lat' dir='ltr'>alibi</span> <span class='ocrx_word' id='word_1_98' title='bbox 509 1758 686 1838; x_wconf 85' lang='lat' dir='ltr'>existente,</span> <span class='ocrx_word' id='word_1_99' title='bbox 718 1748 839 1823; x_wconf 87' lang='lat' dir='ltr'>rationi</span> <span class='ocrx_word' id='word_1_100' title='bbox 868 1760 1127 1824; x_wconf 86' lang='lat' dir='ltr'>consentaneum</span> <span class='ocrx_word' id='word_1_101' title='bbox 1152 1761 1214 1838; x_wconf 84' lang='lat' dir='ltr'>est,</span> <span class='ocrx_word' id='word_1_102' title='bbox 1245 1761 1284 1822; x_wconf 87' lang='lat' dir='ltr'>ut</span> <span class='ocrx_word' id='word_1_103' title='bbox 1305 1757 1400 1842; x_wconf 87' lang='lat' dir='ltr'>pedis</span> 
     </span>
    </p>
   </div>
   <div class='ocr_carea' id='block_1_3' title="bbox 251 1871 1417 1957">
    <p class='ocr_par' dir='ltr' id='par_1_3' title="bbox 251 1871 1417 1957">
     <span class='ocr_line' id='line_1_13' title="bbox 251 1871 1417 1957; baseline 0.001 -20"><span class='ocrx_word' id='word_1_104' title='bbox 251 1871 372 1956; x_wconf 80' lang='lat' dir='ltr'>potine,</span> <span class='ocrx_word' id='word_1_105' title='bbox 412 1893 510 1954; x_wconf 88' lang='lat' dir='ltr'>quam</span> <span class='ocrx_word' id='word_1_106' title='bbox 547 1872 684 1938; x_wconf 84' lang='lat' dir='ltr'>alterius</span> <span class='ocrx_word' id='word_1_107' title='bbox 718 1872 825 1956; x_wconf 88' lang='lat' dir='ltr'>partie</span> <span class='ocrx_word' id='word_1_108' title='bbox 860 1872 1006 1938; x_wconf 85' lang='lat' dir='ltr'>dolorem</span> <span class='ocrx_word' id='word_1_109' title='bbox 1040 1872 1145 1938; x_wconf 90' lang='lat' dir='ltr'>menti</span> <span class='ocrx_word' id='word_1_110' title='bbox 1177 1893 1308 1957; x_wconf 84' lang='lat' dir='ltr'>semper</span> <span class='ocrx_word' id='word_1_111' title='bbox 1341 1894 1417 1950; x_wconf 52' lang='lat' dir='ltr'>ex-,</span> 
     </span>
    </p>
   </div>
   <div class='ocr_carea' id='block_1_4' title="bbox 250 1987 1406 3228">
    <p class='ocr_par' dir='ltr' id='par_1_4' title="bbox 250 1987 1406 3228">
     <span class='ocr_line' id='line_1_14' title="bbox 252 1987 1402 2072; baseline 0.001 -20"><span class='ocrx_word' id='word_1_112' title='bbox 252 1987 426 2072; x_wconf 81' lang='lat' dir='ltr'>hibeat.⁹⁶)</span> <span class='ocrx_word' id='word_1_113' title='bbox 473 1987 569 2054; x_wconf 84' lang='lat' dir='ltr'>Etsi</span> <span class='ocrx_word' id='word_1_114' title='bbox 593 1988 724 2071; x_wconf 85' lang='lat' dir='ltr'>quando</span> <span class='ocrx_word' id='word_1_115' title='bbox 752 1987 897 2054; x_wconf 82' lang='lat' dir='ltr'>faucium</span> <span class='ocrx_word' id='word_1_116' title='bbox 932 1988 1072 2054; x_wconf 85' lang='lat' dir='ltr'>ariditas</span> <span class='ocrx_word' id='word_1_117' title='bbox 1095 2010 1161 2054; x_wconf 90' lang='lat' dir='ltr'>non</span> <span class='ocrx_word' id='word_1_118' title='bbox 1184 1993 1222 2055; x_wconf 91' lang='lat' dir='ltr'>ut</span> <span class='ocrx_word' id='word_1_119' title='bbox 1244 1989 1329 2054; x_wconf 87' lang='lat' dir='ltr'>solet</span> <span class='ocrx_word' id='word_1_120' title='bbox 1357 2009 1402 2054; x_wconf 88' lang='lat' dir='ltr'>ex</span> 
     </span>
     <span class='ocr_line' id='line_1_15' title="bbox 252 2103 1401 2189; baseline 0.001 -20"><span class='ocrx_word' id='word_1_121' title='bbox 252 2105 402 2187; x_wconf 87' lang='lat' dir='ltr'>eoquod</span> <span class='ocrx_word' id='word_1_122' title='bbox 430 2104 472 2169; x_wconf 89' lang='lat' dir='ltr'>ad</span> <span class='ocrx_word' id='word_1_123' title='bbox 500 2104 648 2189; x_wconf 86' lang='lat' dir='ltr'>eorporis</span> <span class='ocrx_word' id='word_1_124' title='bbox 678 2103 904 2170; x_wconf 87' lang='lat' dir='ltr'>valetudinem</span> <span class='ocrx_word' id='word_1_125' title='bbox 934 2107 1032 2188; x_wconf 89' lang='lat' dir='ltr'>potus</span> <span class='ocrx_word' id='word_1_126' title='bbox 1062 2105 1235 2185; x_wconf 81' lang='lat' dir='ltr'>conducat,</span> <span class='ocrx_word' id='word_1_127' title='bbox 1266 2105 1325 2170; x_wconf 85' lang='lat' dir='ltr'>sed</span> <span class='ocrx_word' id='word_1_128' title='bbox 1356 2125 1401 2170; x_wconf 87' lang='lat' dir='ltr'>ex</span> 
     </span>
     <span class='ocr_line' id='line_1_16' title="bbox 252 2218 1400 2303; baseline -0.001 -18"><span class='ocrx_word' id='word_1_129' title='bbox 252 2220 419 2285; x_wconf 77' lang='lat' dir='ltr'>contraria</span> <span class='ocrx_word' id='word_1_130' title='bbox 444 2219 553 2302; x_wconf 79' lang='lat' dir='ltr'>aliqua</span> <span class='ocrx_word' id='word_1_131' title='bbox 581 2227 682 2285; x_wconf 77' lang='lat' dir='ltr'>eausa</span> <span class='ocrx_word' id='word_1_132' title='bbox 711 2219 848 2300; x_wconf 86' lang='lat' dir='ltr'>oriatur,</span> <span class='ocrx_word' id='word_1_133' title='bbox 879 2223 918 2285; x_wconf 88' lang='lat' dir='ltr'>ut</span> <span class='ocrx_word' id='word_1_134' title='bbox 947 2219 981 2283; x_wconf 92' lang='lat' dir='ltr'>in</span> <span class='ocrx_word' id='word_1_135' title='bbox 1011 2218 1193 2303; x_wconf 83' lang='lat' dir='ltr'>hydropico</span> <span class='ocrx_word' id='word_1_136' title='bbox 1224 2218 1400 2302; x_wconf 81' lang='lat' dir='ltr'>contingit,</span> 
     </span>
     <span class='ocr_line' id='line_1_17' title="bbox 250 2333 1403 2418; baseline 0.002 -20"><span class='ocrx_word' id='word_1_137' title='bbox 250 2335 349 2416; x_wconf 83' lang='lat' dir='ltr'>longe</span> <span class='ocrx_word' id='word_1_138' title='bbox 383 2336 501 2401; x_wconf 88' lang='lat' dir='ltr'>melius</span> <span class='ocrx_word' id='word_1_139' title='bbox 536 2338 589 2401; x_wconf 87' lang='lat' dir='ltr'>est</span> <span class='ocrx_word' id='word_1_140' title='bbox 626 2336 716 2401; x_wconf 86' lang='lat' dir='ltr'>illam</span> <span class='ocrx_word' id='word_1_141' title='bbox 755 2339 834 2400; x_wconf 86' lang='lat' dir='ltr'>tune</span> <span class='ocrx_word' id='word_1_142' title='bbox 872 2334 1047 2418; x_wconf 54' lang='lat' dir='ltr'>fallerem)</span> <span class='ocrx_word' id='word_1_143' title='bbox 1088 2355 1187 2416; x_wconf 90' lang='lat' dir='ltr'>quam</span> <span class='ocrx_word' id='word_1_144' title='bbox 1222 2333 1250 2399; x_wconf 87' lang='lat' dir='ltr'>si</span> <span class='ocrx_word' id='word_1_145' title='bbox 1283 2338 1403 2400; x_wconf 85' lang='lat' dir='ltr'>eontra</span> 
     </span>
     <span class='ocr_line' id='line_1_18' title="bbox 252 2449 1405 2534; baseline 0.001 -19"><span class='ocrx_word' id='word_1_146' title='bbox 252 2470 384 2533; x_wconf 87' lang='lat' dir='ltr'>semper</span> <span class='ocrx_word' id='word_1_147' title='bbox 413 2450 546 2516; x_wconf 84' lang='lat' dir='ltr'>falleret</span> <span class='ocrx_word' id='word_1_148' title='bbox 577 2453 650 2515; x_wconf 79' lang='lat' dir='ltr'>eiim</span> <span class='ocrx_word' id='word_1_149' title='bbox 681 2471 799 2534; x_wconf 86' lang='lat' dir='ltr'>eorpus</span> <span class='ocrx_word' id='word_1_150' title='bbox 830 2453 884 2515; x_wconf 90' lang='lat' dir='ltr'>est</span> <span class='ocrx_word' id='word_1_151' title='bbox 913 2450 997 2515; x_wconf 89' lang='lat' dir='ltr'>bene</span> <span class='ocrx_word' id='word_1_152' title='bbox 1029 2449 1256 2531; x_wconf 66' lang='lat' dir='ltr'>consitutum,</span> <span class='ocrx_word' id='word_1_153' title='bbox 1288 2454 1323 2516; x_wconf 92' lang='lat' dir='ltr'>et</span> <span class='ocrx_word' id='word_1_154' title='bbox 1354 2449 1405 2516; x_wconf 83' lang='lat' dir='ltr'>sie</span> 
     </span>
     <span class='ocr_line' id='line_1_19' title="bbox 253 2563 1404 2649; baseline 0.003 -20"><span class='ocrx_word' id='word_1_155' title='bbox 253 2566 294 2630; x_wconf 90' lang='lat' dir='ltr'>de</span> <span class='ocrx_word' id='word_1_156' title='bbox 318 2563 462 2646; x_wconf 84' lang='lat' dir='ltr'>reliquie.</span> <span class='ocrx_word' id='word_1_157' title='bbox 510 2563 620 2648; x_wconf 81' lang='lat' dir='ltr'>Atque</span> <span class='ocrx_word' id='word_1_158' title='bbox 643 2564 727 2630; x_wconf 86' lang='lat' dir='ltr'>haec</span> <span class='ocrx_word' id='word_1_159' title='bbox 751 2563 973 2631; x_wconf 83' lang='lat' dir='ltr'>consideratio</span> <span class='ocrx_word' id='word_1_160' title='bbox 1003 2564 1180 2649; x_wconf 88' lang='lat' dir='ltr'>plurimum</span> <span class='ocrx_word' id='word_1_161' title='bbox 1210 2566 1304 2632; x_wconf 89' lang='lat' dir='ltr'>iuvat</span> <span class='ocrx_word' id='word_1_162' title='bbox 1335 2588 1404 2632; x_wconf 88' lang='lat' dir='ltr'>non</span> 
     </span>
     <span class='ocr_line' id='line_1_20' title="bbox 253 2680 1405 2762; baseline 0.003 -18"><span class='ocrx_word' id='word_1_163' title='bbox 253 2682 349 2747; x_wconf 90' lang='lat' dir='ltr'>modo</span> <span class='ocrx_word' id='word_1_164' title='bbox 382 2685 420 2747; x_wconf 91' lang='lat' dir='ltr'>ut</span> <span class='ocrx_word' id='word_1_165' title='bbox 450 2702 580 2748; x_wconf 88' lang='lat' dir='ltr'>errores</span> <span class='ocrx_word' id='word_1_166' title='bbox 613 2701 727 2747; x_wconf 88' lang='lat' dir='ltr'>omnes</span> <span class='ocrx_word' id='word_1_167' title='bbox 760 2680 878 2762; x_wconf 88' lang='lat' dir='ltr'>quibus</span> <span class='ocrx_word' id='word_1_168' title='bbox 911 2683 1032 2746; x_wconf 87' lang='lat' dir='ltr'>natura</span> <span class='ocrx_word' id='word_1_169' title='bbox 1065 2701 1140 2746; x_wconf 88' lang='lat' dir='ltr'>mea</span> <span class='ocrx_word' id='word_1_170' title='bbox 1172 2681 1315 2747; x_wconf 83' lang='lat' dir='ltr'>obnoxia</span> <span class='ocrx_word' id='word_1_171' title='bbox 1349 2687 1405 2748; x_wconf 90' lang='lat' dir='ltr'>est</span> 
     </span>
     <span class='ocr_line' id='line_1_21' title="bbox 253 2796 1404 2880; baseline 0.002 -18"><span class='ocrx_word' id='word_1_172' title='bbox 253 2797 528 2880; x_wconf 79' lang='lat' dir='ltr'>animadvertam,</span> <span class='ocrx_word' id='word_1_173' title='bbox 560 2797 619 2864; x_wconf 86' lang='lat' dir='ltr'>sed</span> <span class='ocrx_word' id='word_1_174' title='bbox 643 2797 745 2863; x_wconf 89' lang='lat' dir='ltr'>etiam</span> <span class='ocrx_word' id='word_1_175' title='bbox 768 2800 806 2862; x_wconf 91' lang='lat' dir='ltr'>ut</span> <span class='ocrx_word' id='word_1_176' title='bbox 829 2797 903 2863; x_wconf 85' lang='lat' dir='ltr'>illos</span> <span class='ocrx_word' id='word_1_177' title='bbox 927 2799 986 2862; x_wconf 87' lang='lat' dir='ltr'>aut</span> <span class='ocrx_word' id='word_1_178' title='bbox 1010 2796 1187 2862; x_wconf 87' lang='lat' dir='ltr'>emendare</span> <span class='ocrx_word' id='word_1_179' title='bbox 1215 2801 1274 2862; x_wconf 88' lang='lat' dir='ltr'>aut</span> <span class='ocrx_word' id='word_1_180' title='bbox 1292 2797 1404 2864; x_wconf 86' lang='lat' dir='ltr'>vitare</span> 
     </span>
     <span class='ocr_line' id='line_1_22' title="bbox 253 2912 1405 2999; baseline -0.001 -20"><span class='ocrx_word' id='word_1_181' title='bbox 253 2913 352 2980; x_wconf 86' lang='lat' dir='ltr'>facile</span> <span class='ocrx_word' id='word_1_182' title='bbox 374 2915 508 2999; x_wconf 87' lang='lat' dir='ltr'>possim.</span> <span class='ocrx_word' id='word_1_183' title='bbox 554 2913 642 2979; x_wconf 89' lang='lat' dir='ltr'>Nam</span> <span class='ocrx_word' id='word_1_184' title='bbox 671 2933 752 2978; x_wconf 90' lang='lat' dir='ltr'>sane</span> <span class='ocrx_word' id='word_1_185' title='bbox 780 2916 855 2978; x_wconf 85' lang='lat' dir='ltr'>eirm</span> <span class='ocrx_word' id='word_1_186' title='bbox 885 2912 988 2977; x_wconf 86' lang='lat' dir='ltr'>seiam</span> <span class='ocrx_word' id='word_1_187' title='bbox 1020 2933 1133 2978; x_wconf 87' lang='lat' dir='ltr'>onmes</span> <span class='ocrx_word' id='word_1_188' title='bbox 1164 2932 1282 2978; x_wconf 85' lang='lat' dir='ltr'>sensus</span> <span class='ocrx_word' id='word_1_189' title='bbox 1313 2912 1405 2978; x_wconf 86' lang='lat' dir='ltr'>eirea</span> 
     </span>
     <span class='ocr_line' id='line_1_23' title="bbox 254 3027 1406 3113; baseline -0.002 -17"><span class='ocrx_word' id='word_1_190' title='bbox 254 3050 295 3096; x_wconf 89' lang='lat' dir='ltr'>ea</span> <span class='ocrx_word' id='word_1_191' title='bbox 319 3050 403 3112; x_wconf 89' lang='lat' dir='ltr'>quae</span> <span class='ocrx_word' id='word_1_192' title='bbox 427 3029 469 3093; x_wconf 90' lang='lat' dir='ltr'>ad</span> <span class='ocrx_word' id='word_1_193' title='bbox 493 3029 639 3113; x_wconf 79' lang='lat' dir='ltr'>eorporis</span> <span class='ocrx_word' id='word_1_194' title='bbox 662 3027 869 3096; x_wconf 82' lang='lat' dir='ltr'>commodum</span> <span class='ocrx_word' id='word_1_195' title='bbox 893 3031 1048 3111; x_wconf 83' lang='lat' dir='ltr'>spectant</span> <span class='ocrx_word' id='word_1_196' title='bbox 1071 3029 1174 3094; x_wconf 90' lang='lat' dir='ltr'>multo</span> <span class='ocrx_word' id='word_1_197' title='bbox 1193 3028 1406 3111; x_wconf 85' lang='lat' dir='ltr'>frequentius</span> 
     </span>
     <span class='ocr_line' id='line_1_24' title="bbox 255 3143 1405 3228; baseline 0 -20"><span class='ocrx_word' id='word_1_198' title='bbox 255 3165 369 3210; x_wconf 89' lang='lat' dir='ltr'>verum</span> <span class='ocrx_word' id='word_1_199' title='bbox 399 3144 547 3209; x_wconf 81' lang='lat' dir='ltr'>indicare</span> <span class='ocrx_word' id='word_1_200' title='bbox 578 3165 676 3226; x_wconf 89' lang='lat' dir='ltr'>quam</span> <span class='ocrx_word' id='word_1_201' title='bbox 705 3145 838 3224; x_wconf 86' lang='lat' dir='ltr'>falsum,</span> <span class='ocrx_word' id='word_1_202' title='bbox 869 3143 1059 3228; x_wconf 90' lang='lat' dir='ltr'>possimque</span> <span class='ocrx_word' id='word_1_203' title='bbox 1089 3143 1138 3208; x_wconf 91' lang='lat' dir='ltr'>uti</span> <span class='ocrx_word' id='word_1_204' title='bbox 1168 3143 1239 3209; x_wconf 85' lang='lat' dir='ltr'>fere</span> <span class='ocrx_word' id='word_1_205' title='bbox 1270 3164 1405 3228; x_wconf 87' lang='lat' dir='ltr'>semper</span> 
     </span>
    </p>
   </div>
   <div class='ocr_carea' id='block_1_5' title="bbox 255 3336 1409 4206">
    <p class='ocr_par' dir='ltr' id='par_1_5' title="bbox 255 3336 1406 3583">
     <span class='ocr_line' id='line_1_25' title="bbox 363 3336 1404 3406; baseline -0.001 -15"><span class='ocrx_word' id='word_1_206' title='bbox 363 3339 399 3406; x_wconf 81' lang='lat'>⁹⁴)</span> <span class='ocrx_word' id='word_1_207' title='bbox 417 3337 468 3391; x_wconf 91' lang='lat' dir='ltr'>Die</span> <span class='ocrx_word' id='word_1_208' title='bbox 485 3338 633 3392; x_wconf 83' lang='lat' dir='ltr'>Irrthiimer</span> <span class='ocrx_word' id='word_1_209' title='bbox 651 3339 698 3391; x_wconf 86' lang='lat' dir='ltr'>der</span> <span class='ocrx_word' id='word_1_210' title='bbox 714 3338 887 3393; x_wconf 85' lang='lat' dir='ltr'>Naturtn&#39;abe</span> <span class='ocrx_word' id='word_1_211' title='bbox 910 3337 1019 3406; x_wconf 70' lang='lat' dir='ltr'>haugen</span> <span class='ocrx_word' id='word_1_212' title='bbox 1040 3337 1116 3390; x_wconf 86' lang='lat' dir='ltr'>nieht</span> <span class='ocrx_word' id='word_1_213' title='bbox 1133 3354 1197 3391; x_wconf 90' lang='lat' dir='ltr'>vom</span> <span class='ocrx_word' id='word_1_214' title='bbox 1216 3336 1404 3391; x_wconf 83' lang='lat' dir='ltr'>Missbrauehe</span> 
     </span>
     <span class='ocr_line' id='line_1_26' title="bbox 255 3425 1406 3495; baseline -0.003 -14"><span class='ocrx_word' id='word_1_215' title='bbox 255 3429 304 3481; x_wconf 88' lang='lat' dir='ltr'>der</span> <span class='ocrx_word' id='word_1_216' title='bbox 310 3427 535 3481; x_wconf 86' lang='lat' dir='ltr'>Willenefreiheit</span> <span class='ocrx_word' id='word_1_217' title='bbox 547 3427 589 3493; x_wconf 89' lang='lat' dir='ltr'>ab,</span> <span class='ocrx_word' id='word_1_218' title='bbox 603 3427 720 3482; x_wconf 81' lang='lat' dir='ltr'>sordem</span> <span class='ocrx_word' id='word_1_219' title='bbox 731 3427 847 3495; x_wconf 85' lang='lat' dir='ltr'>ergeben</span> <span class='ocrx_word' id='word_1_220' title='bbox 860 3427 920 3482; x_wconf 84' lang='lat' dir='ltr'>sich</span> <span class='ocrx_word' id='word_1_221' title='bbox 932 3444 982 3481; x_wconf 85' lang='lat' dir='ltr'>aus</span> <span class='ocrx_word' id='word_1_222' title='bbox 995 3426 1057 3480; x_wconf 88' lang='lat' dir='ltr'>dem</span> <span class='ocrx_word' id='word_1_223' title='bbox 1069 3443 1123 3480; x_wconf 86' lang='lat' dir='ltr'>von</span> <span class='ocrx_word' id='word_1_224' title='bbox 1136 3425 1202 3481; x_wconf 86' lang='lat' dir='ltr'>Gott</span> <span class='ocrx_word' id='word_1_225' title='bbox 1213 3425 1406 3480; x_wconf 83' lang='lat' dir='ltr'>stammenden</span> 
     </span>
     <span class='ocr_line' id='line_1_27' title="bbox 255 3515 595 3583; baseline -0.009 -13"><span class='ocrx_word' id='word_1_226' title='bbox 255 3515 595 3583; x_wconf 83' lang='lat' dir='ltr'>Naturzusammenhange.</span> 
     </span>
    </p>

    <p class='ocr_par' dir='ltr' id='par_1_6' title="bbox 255 3602 1409 4206">
     <span class='ocr_line' id='line_1_28' title="bbox 365 3602 1405 3674; baseline -0.001 -16"><span class='ocrx_word' id='word_1_227' title='bbox 365 3604 399 3674; x_wconf 77' lang='lat'>⁹⁶)</span> <span class='ocrx_word' id='word_1_228' title='bbox 418 3605 469 3658; x_wconf 90' lang='lat' dir='ltr'>Die</span> <span class='ocrx_word' id='word_1_229' title='bbox 487 3603 675 3658; x_wconf 80' lang='lat' dir='ltr'>Sehlueskraft</span> <span class='ocrx_word' id='word_1_230' title='bbox 695 3603 762 3670; x_wconf 83' lang='lat' dir='ltr'>liegt</span> <span class='ocrx_word' id='word_1_231' title='bbox 780 3603 808 3657; x_wconf 93' lang='lat' dir='ltr'>in</span> <span class='ocrx_word' id='word_1_232' title='bbox 826 3604 879 3657; x_wconf 86' lang='lat' dir='ltr'>den</span> <span class='ocrx_word' id='word_1_233' title='bbox 892 3603 1006 3658; x_wconf 87' lang='lat' dir='ltr'>Worten</span> <span class='ocrx_word' id='word_1_234' title='bbox 1027 3603 1146 3668; x_wconf 80' lang='lat' dir='ltr'>„multo</span> <span class='ocrx_word' id='word_1_235' title='bbox 1164 3602 1405 3670; x_wconf 77' lang='lat' dir='ltr'>frequentius“‚</span> 
     </span>
     <span class='ocr_line' id='line_1_29' title="bbox 257 3691 1407 3748; baseline 0 -2"><span class='ocrx_word' id='word_1_236' title='bbox 257 3695 368 3748; x_wconf 75' lang='lat' dir='ltr'>wtirden</span> <span class='ocrx_word' id='word_1_237' title='bbox 392 3694 442 3748; x_wconf 89' lang='lat' dir='ltr'>wir</span> <span class='ocrx_word' id='word_1_238' title='bbox 465 3692 584 3748; x_wconf 72' lang='lat' dir='ltr'>namiieh</span> <span class='ocrx_word' id='word_1_239' title='bbox 608 3693 658 3746; x_wconf 88' lang='lat' dir='ltr'>den</span> <span class='ocrx_word' id='word_1_240' title='bbox 685 3693 734 3746; x_wconf 81' lang='lat' dir='ltr'>aui</span> <span class='ocrx_word' id='word_1_241' title='bbox 751 3692 845 3747; x_wconf 83' lang='lat' dir='ltr'>Grund</span> <span class='ocrx_word' id='word_1_242' title='bbox 870 3692 945 3746; x_wconf 86' lang='lat' dir='ltr'>eines</span> <span class='ocrx_word' id='word_1_243' title='bbox 964 3692 1157 3746; x_wconf 83' lang='lat' dir='ltr'>Nervenreizes</span> <span class='ocrx_word' id='word_1_244' title='bbox 1180 3691 1314 3745; x_wconf 84' lang='lat' dir='ltr'>zwisehen</span> <span class='ocrx_word' id='word_1_245' title='bbox 1333 3691 1407 3746; x_wconf 84' lang='lat' dir='ltr'>Fuss</span> 
     </span>
     <span class='ocr_line' id='line_1_30' title="bbox 255 3779 1406 3850; baseline -0.001 -13"><span class='ocrx_word' id='word_1_246' title='bbox 255 3784 311 3837; x_wconf 85' lang='lat' dir='ltr'>und</span> <span class='ocrx_word' id='word_1_247' title='bbox 330 3783 430 3838; x_wconf 84' lang='lat' dir='ltr'>Gehim</span> <span class='ocrx_word' id='word_1_248' title='bbox 448 3780 646 3837; x_wconf 81' lang='lat' dir='ltr'>entstehenden</span> <span class='ocrx_word' id='word_1_249' title='bbox 658 3779 784 3834; x_wconf 80' lang='lat' dir='ltr'>Sehmerz</span> <span class='ocrx_word' id='word_1_250' title='bbox 801 3782 925 3835; x_wconf 80' lang='lat' dir='ltr'>immet</span> <span class='ocrx_word' id='word_1_251' title='bbox 942 3781 971 3833; x_wconf 90' lang='lat' dir='ltr'>in</span> <span class='ocrx_word' id='word_1_252' title='bbox 989 3781 1032 3834; x_wconf 89' lang='lat' dir='ltr'>die</span> <span class='ocrx_word' id='word_1_253' title='bbox 1044 3780 1197 3850; x_wconf 87' lang='lat' dir='ltr'>Peripherie</span> <span class='ocrx_word' id='word_1_254' title='bbox 1216 3780 1352 3849; x_wconf 83' lang='lat' dir='ltr'>verlegen,</span> <span class='ocrx_word' id='word_1_255' title='bbox 1373 3798 1406 3836; x_wconf 86' lang='lat' dir='ltr'>so</span> 
     </span>
     <span class='ocr_line' id='line_1_31' title="bbox 256 3868 1407 3942; baseline -0.002 -17"><span class='ocrx_word' id='word_1_256' title='bbox 256 3871 454 3942; x_wconf 76' lang='lat' dir='ltr'>widersprttche</span> <span class='ocrx_word' id='word_1_257' title='bbox 477 3872 520 3925; x_wconf 85' lang='lat' dir='ltr'>ein</span> <span class='ocrx_word' id='word_1_258' title='bbox 542 3870 649 3925; x_wconf 85' lang='lat' dir='ltr'>solcher</span> <span class='ocrx_word' id='word_1_259' title='bbox 672 3869 856 3924; x_wconf 84' lang='lat' dir='ltr'>dauernder</span> <span class='ocrx_word' id='word_1_260' title='bbox 874 3869 991 3923; x_wconf 88' lang='lat' dir='ltr'>Irrthum</span> <span class='ocrx_word' id='word_1_261' title='bbox 1016 3870 1063 3923; x_wconf 90' lang='lat' dir='ltr'>der</span> <span class='ocrx_word' id='word_1_262' title='bbox 1082 3868 1232 3937; x_wconf 70' lang='lat' dir='ltr'>gettliehen</span> <span class='ocrx_word' id='word_1_263' title='bbox 1251 3869 1330 3934; x_wconf 74' lang='lat' dir='ltr'>este,</span> <span class='ocrx_word' id='word_1_264' title='bbox 1355 3870 1407 3923; x_wconf 88' lang='lat' dir='ltr'>wir</span> 
     </span>
     <span class='ocr_line' id='line_1_32' title="bbox 257 3956 1409 4027; baseline -0.003 -11"><span class='ocrx_word' id='word_1_265' title='bbox 257 3956 378 4016; x_wconf 72' lang='lat' dir='ltr'>ktnnten</span> <span class='ocrx_word' id='word_1_266' title='bbox 397 3963 458 4015; x_wconf 85' lang='lat' dir='ltr'>dem</span> <span class='ocrx_word' id='word_1_267' title='bbox 477 3960 618 4016; x_wconf 79' lang='lat' dir='ltr'>Sehmerze</span> <span class='ocrx_word' id='word_1_268' title='bbox 636 3959 713 4014; x_wconf 88' lang='lat' dir='ltr'>nieht</span> <span class='ocrx_word' id='word_1_269' title='bbox 731 3959 875 4027; x_wconf 82' lang='lat' dir='ltr'>geniigend</span> <span class='ocrx_word' id='word_1_270' title='bbox 893 3957 1056 4026; x_wconf 83' lang='lat' dir='ltr'>vorbeugen.</span> <span class='ocrx_word' id='word_1_271' title='bbox 1093 3958 1135 4012; x_wconf 88' lang='lat' dir='ltr'>Da</span> <span class='ocrx_word' id='word_1_272' title='bbox 1153 3958 1217 4012; x_wconf 87' lang='lat' dir='ltr'>aber</span> <span class='ocrx_word' id='word_1_273' title='bbox 1235 3957 1278 4011; x_wconf 89' lang='lat' dir='ltr'>die</span> <span class='ocrx_word' id='word_1_274' title='bbox 1299 3958 1409 4012; x_wconf 81' lang='lat' dir='ltr'>Anzahl</span> 
     </span>
     <span class='ocr_line' id='line_1_33' title="bbox 257 4046 1408 4114; baseline -0.001 -11"><span class='ocrx_word' id='word_1_275' title='bbox 257 4051 304 4104; x_wconf 87' lang='lat' dir='ltr'>der</span> <span class='ocrx_word' id='word_1_276' title='bbox 322 4049 406 4114; x_wconf 76' lang='lat' dir='ltr'>Fene,</span> <span class='ocrx_word' id='word_1_277' title='bbox 430 4050 459 4102; x_wconf 85' lang='lat' dir='ltr'>in</span> <span class='ocrx_word' id='word_1_278' title='bbox 485 4049 571 4102; x_wconf 84' lang='lat' dir='ltr'>denen</span> <span class='ocrx_word' id='word_1_279' title='bbox 597 4049 720 4103; x_wconf 84' lang='lat' dir='ltr'>wirklieh</span> <span class='ocrx_word' id='word_1_280' title='bbox 746 4049 793 4102; x_wconf 85' lang='lat' dir='ltr'>der</span> <span class='ocrx_word' id='word_1_281' title='bbox 819 4049 897 4112; x_wconf 86' lang='lat' dir='ltr'>Fuss,</span> <span class='ocrx_word' id='word_1_282' title='bbox 925 4047 1001 4102; x_wconf 85' lang='lat' dir='ltr'>nieht</span> <span class='ocrx_word' id='word_1_283' title='bbox 1027 4048 1085 4102; x_wconf 86' lang='lat' dir='ltr'>eine</span> <span class='ocrx_word' id='word_1_284' title='bbox 1111 4046 1331 4102; x_wconf 85' lang='lat' dir='ltr'>Zwisehenstelle</span> <span class='ocrx_word' id='word_1_285' title='bbox 1358 4047 1408 4102; x_wconf 88' lang='lat' dir='ltr'>der</span> 
     </span>
     <span class='ocr_line' id='line_1_34' title="bbox 257 4135 1408 4206; baseline -0.002 -13"><span class='ocrx_word' id='word_1_286' title='bbox 257 4138 469 4206; x_wconf 85' lang='lat' dir='ltr'>Nervenleitung</span> <span class='ocrx_word' id='word_1_287' title='bbox 486 4137 601 4193; x_wconf 88' lang='lat' dir='ltr'>verletzt</span> <span class='ocrx_word' id='word_1_288' title='bbox 619 4138 692 4203; x_wconf 85' lang='lat' dir='ltr'>wird,</span> <span class='ocrx_word' id='word_1_289' title='bbox 712 4139 738 4192; x_wconf 87' lang='lat' dir='ltr'>d.</span> <span class='ocrx_word' id='word_1_290' title='bbox 751 4138 777 4191; x_wconf 93' lang='lat' dir='ltr'>h.</span> <span class='ocrx_word' id='word_1_291' title='bbox 797 4138 825 4190; x_wconf 89' lang='lat' dir='ltr'>in</span> <span class='ocrx_word' id='word_1_292' title='bbox 844 4137 906 4191; x_wconf 88' lang='lat' dir='ltr'>dem</span> <span class='ocrx_word' id='word_1_293' title='bbox 917 4137 968 4191; x_wconf 86' lang='lat' dir='ltr'>wir</span> <span class='ocrx_word' id='word_1_294' title='bbox 979 4136 1077 4206; x_wconf 83' lang='lat' dir='ltr'>richtig</span> <span class='ocrx_word' id='word_1_295' title='bbox 1096 4137 1237 4202; x_wconf 81' lang='lat' dir='ltr'>urtheilen‚</span> <span class='ocrx_word' id='word_1_296' title='bbox 1258 4136 1322 4189; x_wconf 86' lang='lat' dir='ltr'>weit</span> <span class='ocrx_word' id='word_1_297' title='bbox 1340 4135 1408 4191; x_wconf 78' lang='lat' dir='ltr'>ha&#39;u-</span> 
     </span>
    </p>
   </div>
   <div class='ocr_carea' id='block_1_6' title="bbox 0 0 1607 4870">
    <p class='ocr_par' dir='ltr' id='par_1_7' title="bbox 0 0 1607 4870">
     <span class='ocr_line' id='line_1_35' title="bbox 0 0 1607 4870; baseline 0 0"><span class='ocrx_word' id='word_1_298' title='bbox 0 0 1607 4870; x_wconf 95' lang='lat' dir='ltr'> </span> 
     </span>
    </p>
   </div>
  </div>
 </body>
</html>
