<?xml version="1.0" encoding="UTF-8"?>
<!DOCTYPE html PUBLIC "-//W3C//DTD XHTML 1.0 Transitional//EN"
    "http://www.w3.org/TR/xhtml1/DTD/xhtml1-transitional.dtd">
<html xmlns="http://www.w3.org/1999/xhtml" xml:lang="en" lang="en">
 <head>
  <title>
</title>
<meta http-equiv="Content-Type" content="text/html;charset=utf-8" />
  <meta name='ocr-system' content='tesseract 3.04.00' />
  <meta name='ocr-capabilities' content='ocr_page ocr_carea ocr_par ocr_line ocrx_word'/>
</head>
<body>
  <div class='ocr_page' id='page_1' title='image "./meditationesdep01gtgoog_0090.png"; bbox 0 0 3212 4872; ppageno 0'>
   <div class='ocr_carea' id='block_1_1' title="bbox 267 333 986 403">
    <p class='ocr_par' dir='ltr' id='par_1_1' title="bbox 267 333 986 403">
     <span class='ocr_line' id='line_1_1' title="bbox 267 333 986 403; baseline 0.006 -18"><span class='ocrx_word' id='word_1_1' title='bbox 267 339 308 403; x_wconf 80' lang='lat'>78</span> <span class='ocrx_word' id='word_1_2' title='bbox 696 333 837 389; x_wconf 81' lang='lat' dir='ltr'>Meditatio</span> <span class='ocrx_word' id='word_1_3' title='bbox 856 335 986 389; x_wconf 84' lang='lat' dir='ltr'>Secunde.</span> 
     </span>
    </p>
   </div>
   <div class='ocr_carea' id='block_1_2' title="bbox 266 529 1498 3384">
    <p class='ocr_par' dir='ltr' id='par_1_2' title="bbox 266 529 1498 3384">
     <span class='ocr_line' id='line_1_2' title="bbox 266 529 1417 616; baseline -0.002 -17"><span class='ocrx_word' id='word_1_4' title='bbox 266 531 494 616; x_wconf 76' lang='lat' dir='ltr'>pertinerent?</span> <span class='ocrx_word' id='word_1_5' title='bbox 524 551 634 596; x_wconf 92' lang='lat' dir='ltr'>nonne</span> <span class='ocrx_word' id='word_1_6' title='bbox 667 551 730 613; x_wconf 89' lang='lat' dir='ltr'>ego</span> <span class='ocrx_word' id='word_1_7' title='bbox 761 531 832 616; x_wconf 90' lang='lat' dir='ltr'>ipse</span> <span class='ocrx_word' id='word_1_8' title='bbox 863 553 935 596; x_wconf 90' lang='lat' dir='ltr'>sum</span> <span class='ocrx_word' id='word_1_9' title='bbox 967 529 1023 613; x_wconf 90' lang='lat' dir='ltr'>qui</span> <span class='ocrx_word' id='word_1_10' title='bbox 1051 531 1118 596; x_wconf 92' lang='lat' dir='ltr'>iam</span> <span class='ocrx_word' id='word_1_11' title='bbox 1142 530 1256 597; x_wconf 92' lang='lat' dir='ltr'>dubito</span> <span class='ocrx_word' id='word_1_12' title='bbox 1280 532 1352 597; x_wconf 90' lang='lat' dir='ltr'>fere</span> <span class='ocrx_word' id='word_1_13' title='bbox 1376 532 1417 598; x_wconf 95' lang='lat' dir='ltr'>de</span> 
     </span>
     <span class='ocr_line' id='line_1_3' title="bbox 266 645 1414 729; baseline -0.001 -16"><span class='ocrx_word' id='word_1_14' title='bbox 266 647 427 728; x_wconf 89' lang='lat' dir='ltr'>omnibus,</span> <span class='ocrx_word' id='word_1_15' title='bbox 453 647 508 729; x_wconf 90' lang='lat' dir='ltr'>qui</span> <span class='ocrx_word' id='word_1_16' title='bbox 532 645 679 712; x_wconf 91' lang='lat' dir='ltr'>nonnihil</span> <span class='ocrx_word' id='word_1_17' title='bbox 703 650 817 712; x_wconf 91' lang='lat' dir='ltr'>tamen</span> <span class='ocrx_word' id='word_1_18' title='bbox 840 645 1000 729; x_wconf 80' lang='lat' dir='ltr'>intelligo,</span> <span class='ocrx_word' id='word_1_19' title='bbox 1026 646 1080 728; x_wconf 92' lang='lat' dir='ltr'>qui</span> <span class='ocrx_word' id='word_1_20' title='bbox 1102 646 1165 712; x_wconf 88' lang='lat' dir='ltr'>hoo</span> <span class='ocrx_word' id='word_1_21' title='bbox 1180 668 1282 711; x_wconf 90' lang='lat' dir='ltr'>unum</span> <span class='ocrx_word' id='word_1_22' title='bbox 1300 668 1414 713; x_wconf 89' lang='lat' dir='ltr'>verum</span> 
     </span>
     <span class='ocr_line' id='line_1_4' title="bbox 267 760 1415 848; baseline -0.001 -20"><span class='ocrx_word' id='word_1_23' title='bbox 267 784 341 828; x_wconf 89' lang='lat' dir='ltr'>esse</span> <span class='ocrx_word' id='word_1_24' title='bbox 365 762 505 842; x_wconf 88' lang='lat' dir='ltr'>affirmo,</span> <span class='ocrx_word' id='word_1_25' title='bbox 535 782 620 844; x_wconf 88' lang='lat' dir='ltr'>nego</span> <span class='ocrx_word' id='word_1_26' title='bbox 644 764 789 842; x_wconf 88' lang='lat' dir='ltr'>caetera,</span> <span class='ocrx_word' id='word_1_27' title='bbox 820 760 916 846; x_wconf 94' lang='lat' dir='ltr'>cupio</span> <span class='ocrx_word' id='word_1_28' title='bbox 939 761 1035 845; x_wconf 88' lang='lat' dir='ltr'>plura</span> <span class='ocrx_word' id='word_1_29' title='bbox 1058 783 1167 842; x_wconf 89' lang='lat' dir='ltr'>nosse,</span> <span class='ocrx_word' id='word_1_30' title='bbox 1199 763 1273 828; x_wconf 89' lang='lat' dir='ltr'>nolo</span> <span class='ocrx_word' id='word_1_31' title='bbox 1299 763 1415 848; x_wconf 91' lang='lat' dir='ltr'>decipi,</span> 
     </span>
     <span class='ocr_line' id='line_1_5' title="bbox 266 876 1416 960; baseline 0.002 -18"><span class='ocrx_word' id='word_1_32' title='bbox 266 877 371 943; x_wconf 89' lang='lat' dir='ltr'>multa</span> <span class='ocrx_word' id='word_1_33' title='bbox 394 879 448 943; x_wconf 87' lang='lat' dir='ltr'>vel</span> <span class='ocrx_word' id='word_1_34' title='bbox 473 877 598 943; x_wconf 90' lang='lat' dir='ltr'>invitus</span> <span class='ocrx_word' id='word_1_35' title='bbox 613 876 788 959; x_wconf 88' lang='lat' dir='ltr'>imaginor,</span> <span class='ocrx_word' id='word_1_36' title='bbox 813 877 917 942; x_wconf 89' lang='lat' dir='ltr'>multa</span> <span class='ocrx_word' id='word_1_37' title='bbox 934 877 1035 942; x_wconf 91' lang='lat' dir='ltr'>etiam</span> <span class='ocrx_word' id='word_1_38' title='bbox 1051 881 1211 960; x_wconf 79' lang='lat' dir='ltr'>tanquam</span> <span class='ocrx_word' id='word_1_39' title='bbox 1228 898 1248 942; x_wconf 90' lang='lat' dir='ltr'>a</span> <span class='ocrx_word' id='word_1_40' title='bbox 1264 878 1416 944; x_wconf 84' lang='lat' dir='ltr'>sensibus</span> 
     </span>
     <span class='ocr_line' id='line_1_6' title="bbox 271 993 1417 1078; baseline 0.001 -19"><span class='ocrx_word' id='word_1_41' title='bbox 271 993 443 1059; x_wconf 88' lang='lat' dir='ltr'>venientia</span> <span class='ocrx_word' id='word_1_42' title='bbox 471 993 712 1059; x_wconf 86' lang='lat' dir='ltr'>animadverto.</span> <span class='ocrx_word' id='word_1_43' title='bbox 759 993 843 1072; x_wconf 85' lang='lat' dir='ltr'>Quid</span> <span class='ocrx_word' id='word_1_44' title='bbox 867 997 920 1059; x_wconf 88' lang='lat' dir='ltr'>est</span> <span class='ocrx_word' id='word_1_45' title='bbox 942 994 1070 1074; x_wconf 91' lang='lat' dir='ltr'>horum,</span> <span class='ocrx_word' id='word_1_46' title='bbox 1104 993 1256 1075; x_wconf 89' lang='lat' dir='ltr'>quamvis</span> <span class='ocrx_word' id='word_1_47' title='bbox 1285 1014 1417 1078; x_wconf 87' lang='lat' dir='ltr'>semper</span> 
     </span>
     <span class='ocr_line' id='line_1_7' title="bbox 268 1107 1415 1190; baseline 0 -16"><span class='ocrx_word' id='word_1_48' title='bbox 268 1109 439 1190; x_wconf 87' lang='lat' dir='ltr'>dormiam,</span> <span class='ocrx_word' id='word_1_49' title='bbox 464 1108 616 1190; x_wconf 89' lang='lat' dir='ltr'>quamvis</span> <span class='ocrx_word' id='word_1_50' title='bbox 640 1108 740 1175; x_wconf 90' lang='lat' dir='ltr'>etiam</span> <span class='ocrx_word' id='word_1_51' title='bbox 770 1108 799 1173; x_wconf 89' lang='lat' dir='ltr'>is</span> <span class='ocrx_word' id='word_1_52' title='bbox 823 1108 878 1190; x_wconf 93' lang='lat' dir='ltr'>qui</span> <span class='ocrx_word' id='word_1_53' title='bbox 902 1128 955 1173; x_wconf 90' lang='lat' dir='ltr'>me</span> <span class='ocrx_word' id='word_1_54' title='bbox 980 1107 1107 1174; x_wconf 87' lang='lat' dir='ltr'>creavit</span> <span class='ocrx_word' id='word_1_55' title='bbox 1131 1111 1291 1190; x_wconf 87' lang='lat' dir='ltr'>quantum</span> <span class='ocrx_word' id='word_1_56' title='bbox 1321 1109 1356 1174; x_wconf 93' lang='lat' dir='ltr'>in</span> <span class='ocrx_word' id='word_1_57' title='bbox 1379 1130 1415 1174; x_wconf 92' lang='lat' dir='ltr'>se</span> 
     </span>
     <span class='ocr_line' id='line_1_8' title="bbox 268 1221 1415 1307; baseline 0 -17"><span class='ocrx_word' id='word_1_58' title='bbox 268 1227 321 1290; x_wconf 90' lang='lat' dir='ltr'>est</span> <span class='ocrx_word' id='word_1_59' title='bbox 343 1245 396 1289; x_wconf 93' lang='lat' dir='ltr'>me</span> <span class='ocrx_word' id='word_1_60' title='bbox 421 1221 613 1307; x_wconf 73' lang='lat' dir='ltr'>deludat,²⁹)</span> <span class='ocrx_word' id='word_1_61' title='bbox 644 1223 731 1306; x_wconf 92' lang='lat' dir='ltr'>quod</span> <span class='ocrx_word' id='word_1_62' title='bbox 754 1245 820 1288; x_wconf 92' lang='lat' dir='ltr'>non</span> <span class='ocrx_word' id='word_1_63' title='bbox 846 1244 950 1306; x_wconf 89' lang='lat' dir='ltr'>aeque</span> <span class='ocrx_word' id='word_1_64' title='bbox 974 1245 1090 1289; x_wconf 91' lang='lat' dir='ltr'>verum</span> <span class='ocrx_word' id='word_1_65' title='bbox 1115 1223 1221 1290; x_wconf 87' lang='lat' dir='ltr'>sitae</span> <span class='ocrx_word' id='word_1_66' title='bbox 1245 1245 1297 1289; x_wconf 92' lang='lat' dir='ltr'>me</span> <span class='ocrx_word' id='word_1_67' title='bbox 1321 1229 1415 1290; x_wconf 77' lang='lat' dir='ltr'>esse?</span> 
     </span>
     <span class='ocr_line' id='line_1_9' title="bbox 267 1338 1416 1422; baseline 0 -18"><span class='ocrx_word' id='word_1_68' title='bbox 267 1339 346 1422; x_wconf 91' lang='lat' dir='ltr'>quid</span> <span class='ocrx_word' id='word_1_69' title='bbox 378 1342 430 1404; x_wconf 90' lang='lat' dir='ltr'>est</span> <span class='ocrx_word' id='word_1_70' title='bbox 461 1339 548 1421; x_wconf 89' lang='lat' dir='ltr'>quod</span> <span class='ocrx_word' id='word_1_71' title='bbox 578 1359 598 1403; x_wconf 93' lang='lat' dir='ltr'>a</span> <span class='ocrx_word' id='word_1_72' title='bbox 629 1358 704 1404; x_wconf 90' lang='lat' dir='ltr'>mea</span> <span class='ocrx_word' id='word_1_73' title='bbox 736 1339 939 1420; x_wconf 82' lang='lat' dir='ltr'>cogitatione</span> <span class='ocrx_word' id='word_1_74' title='bbox 972 1338 1219 1421; x_wconf 78' lang='lat' dir='ltr'>distinguatur?</span> <span class='ocrx_word' id='word_1_75' title='bbox 1252 1339 1327 1421; x_wconf 89' lang='lat' dir='ltr'>quid</span> <span class='ocrx_word' id='word_1_76' title='bbox 1364 1342 1416 1404; x_wconf 89' lang='lat' dir='ltr'>est</span> 
     </span>
     <span class='ocr_line' id='line_1_10' title="bbox 269 1454 1414 1540; baseline -0.001 -20"><span class='ocrx_word' id='word_1_77' title='bbox 269 1455 356 1538; x_wconf 92' lang='lat' dir='ltr'>quod</span> <span class='ocrx_word' id='word_1_78' title='bbox 380 1475 400 1520; x_wconf 89' lang='lat' dir='ltr'>a</span> <span class='ocrx_word' id='word_1_79' title='bbox 423 1476 476 1520; x_wconf 90' lang='lat' dir='ltr'>me</span> <span class='ocrx_word' id='word_1_80' title='bbox 499 1455 571 1538; x_wconf 89' lang='lat' dir='ltr'>ipso</span> <span class='ocrx_word' id='word_1_81' title='bbox 596 1457 788 1538; x_wconf 89' lang='lat' dir='ltr'>separatum</span> <span class='ocrx_word' id='word_1_82' title='bbox 812 1454 876 1519; x_wconf 86' lang='lat' dir='ltr'>diei</span> <span class='ocrx_word' id='word_1_83' title='bbox 899 1454 1027 1540; x_wconf 77' lang='lat' dir='ltr'>possit?</span> <span class='ocrx_word' id='word_1_84' title='bbox 1055 1475 1131 1519; x_wconf 87' lang='lat' dir='ltr'>nam</span> <span class='ocrx_word' id='word_1_85' title='bbox 1156 1454 1243 1536; x_wconf 91' lang='lat' dir='ltr'>quod</span> <span class='ocrx_word' id='word_1_86' title='bbox 1267 1474 1329 1537; x_wconf 92' lang='lat' dir='ltr'>ego</span> <span class='ocrx_word' id='word_1_87' title='bbox 1352 1454 1414 1519; x_wconf 88' lang='lat' dir='ltr'>sim</span> 
     </span>
     <span class='ocr_line' id='line_1_11' title="bbox 268 1568 1416 1652; baseline 0 -17"><span class='ocrx_word' id='word_1_88' title='bbox 268 1570 323 1652; x_wconf 92' lang='lat' dir='ltr'>qui</span> <span class='ocrx_word' id='word_1_89' title='bbox 348 1570 505 1649; x_wconf 87' lang='lat' dir='ltr'>dubitem,</span> <span class='ocrx_word' id='word_1_90' title='bbox 530 1569 585 1651; x_wconf 93' lang='lat' dir='ltr'>qui</span> <span class='ocrx_word' id='word_1_91' title='bbox 608 1569 804 1652; x_wconf 84' lang='lat' dir='ltr'>intelligam,</span> <span class='ocrx_word' id='word_1_92' title='bbox 829 1569 884 1652; x_wconf 92' lang='lat' dir='ltr'>qui</span> <span class='ocrx_word' id='word_1_93' title='bbox 908 1569 1017 1651; x_wconf 89' lang='lat' dir='ltr'>velim,</span> <span class='ocrx_word' id='word_1_94' title='bbox 1042 1573 1111 1635; x_wconf 90' lang='lat' dir='ltr'>tam</span> <span class='ocrx_word' id='word_1_95' title='bbox 1133 1568 1347 1635; x_wconf 86' lang='lat' dir='ltr'>manifestum</span> <span class='ocrx_word' id='word_1_96' title='bbox 1363 1573 1416 1636; x_wconf 91' lang='lat' dir='ltr'>est</span> 
     </span>
     <span class='ocr_line' id='line_1_12' title="bbox 268 1684 1414 1771; baseline 0 -20"><span class='ocrx_word' id='word_1_97' title='bbox 268 1688 306 1751; x_wconf 92' lang='lat' dir='ltr'>ut</span> <span class='ocrx_word' id='word_1_98' title='bbox 328 1685 411 1750; x_wconf 93' lang='lat' dir='ltr'>nihil</span> <span class='ocrx_word' id='word_1_99' title='bbox 434 1688 588 1751; x_wconf 88' lang='lat' dir='ltr'>occurrat</span> <span class='ocrx_word' id='word_1_100' title='bbox 610 1707 670 1771; x_wconf 90' lang='lat' dir='ltr'>per</span> <span class='ocrx_word' id='word_1_101' title='bbox 693 1686 779 1768; x_wconf 92' lang='lat' dir='ltr'>quod</span> <span class='ocrx_word' id='word_1_102' title='bbox 803 1684 991 1751; x_wconf 89' lang='lat' dir='ltr'>evidentius</span> <span class='ocrx_word' id='word_1_103' title='bbox 1019 1684 1217 1767; x_wconf 87' lang='lat' dir='ltr'>explicetur:</span> <span class='ocrx_word' id='word_1_104' title='bbox 1249 1685 1307 1750; x_wconf 90' lang='lat' dir='ltr'>sed</span> <span class='ocrx_word' id='word_1_105' title='bbox 1334 1706 1414 1751; x_wconf 89' lang='lat' dir='ltr'>vero</span> 
     </span>
     <span class='ocr_line' id='line_1_13' title="bbox 268 1799 1498 1884; baseline 0 -18"><span class='ocrx_word' id='word_1_106' title='bbox 268 1801 370 1866; x_wconf 89' lang='lat' dir='ltr'>etiam</span> <span class='ocrx_word' id='word_1_107' title='bbox 395 1823 457 1884; x_wconf 91' lang='lat' dir='ltr'>ego</span> <span class='ocrx_word' id='word_1_108' title='bbox 482 1801 569 1866; x_wconf 92' lang='lat' dir='ltr'>idem</span> <span class='ocrx_word' id='word_1_109' title='bbox 593 1822 665 1866; x_wconf 91' lang='lat' dir='ltr'>sum</span> <span class='ocrx_word' id='word_1_110' title='bbox 690 1801 745 1882; x_wconf 93' lang='lat' dir='ltr'>qui</span> <span class='ocrx_word' id='word_1_111' title='bbox 768 1800 943 1882; x_wconf 92' lang='lat' dir='ltr'>imaginor,</span> <span class='ocrx_word' id='word_1_112' title='bbox 975 1821 1050 1866; x_wconf 92' lang='lat' dir='ltr'>nam</span> <span class='ocrx_word' id='word_1_113' title='bbox 1076 1800 1228 1883; x_wconf 89' lang='lat' dir='ltr'>quamvis</span> <span class='ocrx_word' id='word_1_114' title='bbox 1251 1799 1348 1882; x_wconf 86' lang='lat' dir='ltr'>forte,</span> <span class='ocrx_word' id='word_1_115' title='bbox 1378 1804 1416 1866; x_wconf 86' lang='lat' dir='ltr'>ut</span> <span class='ocrx_word' id='word_1_116' title='bbox 1494 1826 1498 1833; x_wconf 91' lang='lat'><em>·</em></span> 
     </span>
     <span class='ocr_line' id='line_1_14' title="bbox 269 1914 1414 2000; baseline -0.001 -19"><span class='ocrx_word' id='word_1_117' title='bbox 269 1915 436 2000; x_wconf 87' lang='lat' dir='ltr'>supposui,</span> <span class='ocrx_word' id='word_1_118' title='bbox 467 1916 557 1981; x_wconf 89' lang='lat' dir='ltr'>nulla</span> <span class='ocrx_word' id='word_1_119' title='bbox 580 1937 716 2000; x_wconf 85' lang='lat' dir='ltr'>prorsus</span> <span class='ocrx_word' id='word_1_120' title='bbox 739 1937 794 1982; x_wconf 92' lang='lat' dir='ltr'>res</span> <span class='ocrx_word' id='word_1_121' title='bbox 816 1915 1002 1998; x_wconf 89' lang='lat' dir='ltr'>imaginata</span> <span class='ocrx_word' id='word_1_122' title='bbox 1025 1935 1107 1980; x_wconf 92' lang='lat' dir='ltr'>vera</span> <span class='ocrx_word' id='word_1_123' title='bbox 1134 1916 1188 1996; x_wconf 91' lang='lat' dir='ltr'>sit,</span> <span class='ocrx_word' id='word_1_124' title='bbox 1220 1914 1271 1980; x_wconf 91' lang='lat' dir='ltr'>vis</span> <span class='ocrx_word' id='word_1_125' title='bbox 1302 1919 1414 1982; x_wconf 89' lang='lat' dir='ltr'>tamen</span> 
     </span>
     <span class='ocr_line' id='line_1_15' title="bbox 267 2015 1412 2116; baseline 0 -20"><span class='ocrx_word' id='word_1_126' title='bbox 267 2032 340 2116; x_wconf 92' lang='lat' dir='ltr'>ipsa</span> <span class='ocrx_word' id='word_1_127' title='bbox 363 2032 568 2114; x_wconf 86' lang='lat' dir='ltr'>imaginandi</span> <span class='ocrx_word' id='word_1_128' title='bbox 591 2053 711 2097; x_wconf 91' lang='lat' dir='ltr'>revera</span> <span class='ocrx_word' id='word_1_129' title='bbox 734 2031 860 2112; x_wconf 82' lang='lat' dir='ltr'>exist‘t</span> <span class='ocrx_word' id='word_1_130' title='bbox 885 2034 920 2096; x_wconf 90' lang='lat' dir='ltr'>et</span> <span class='ocrx_word' id='word_1_131' title='bbox 942 2015 1156 2113; x_wconf 88' lang='lat' dir='ltr'>cogitationis</span> <span class='ocrx_word' id='word_1_132' title='bbox 1171 2052 1266 2097; x_wconf 92' lang='lat' dir='ltr'>meae</span> <span class='ocrx_word' id='word_1_133' title='bbox 1282 2034 1412 2116; x_wconf 87' lang='lat' dir='ltr'>partem</span> 
     </span>
     <span class='ocr_line' id='line_1_16' title="bbox 268 2146 1413 2229; baseline 0 -19"><span class='ocrx_word' id='word_1_134' title='bbox 268 2147 366 2226; x_wconf 82' lang='lat' dir='ltr'>facit3</span> <span class='ocrx_word' id='word_1_135' title='bbox 391 2147 479 2212; x_wconf 91' lang='lat' dir='ltr'>idem</span> <span class='ocrx_word' id='word_1_136' title='bbox 511 2146 651 2229; x_wconf 90' lang='lat' dir='ltr'>denique</span> <span class='ocrx_word' id='word_1_137' title='bbox 674 2167 737 2228; x_wconf 91' lang='lat' dir='ltr'>ego</span> <span class='ocrx_word' id='word_1_138' title='bbox 761 2168 834 2212; x_wconf 89' lang='lat' dir='ltr'>sum</span> <span class='ocrx_word' id='word_1_139' title='bbox 858 2146 913 2228; x_wconf 90' lang='lat' dir='ltr'>qui</span> <span class='ocrx_word' id='word_1_140' title='bbox 938 2147 1056 2228; x_wconf 89' lang='lat' dir='ltr'>sentio,</span> <span class='ocrx_word' id='word_1_141' title='bbox 1089 2147 1160 2212; x_wconf 90' lang='lat' dir='ltr'>sive</span> <span class='ocrx_word' id='word_1_142' title='bbox 1185 2146 1240 2228; x_wconf 91' lang='lat' dir='ltr'>qui</span> <span class='ocrx_word' id='word_1_143' title='bbox 1264 2167 1318 2212; x_wconf 90' lang='lat' dir='ltr'>res</span> <span class='ocrx_word' id='word_1_144' title='bbox 1342 2168 1413 2212; x_wconf 91' lang='lat' dir='ltr'>cor-</span> 
     </span>
     <span class='ocr_line' id='line_1_17' title="bbox 267 2261 1413 2346; baseline -0.001 -19"><span class='ocrx_word' id='word_1_145' title='bbox 267 2283 387 2346; x_wconf 90' lang='lat' dir='ltr'>poreas</span> <span class='ocrx_word' id='word_1_146' title='bbox 425 2265 584 2343; x_wconf 92' lang='lat' dir='ltr'>tanquam</span> <span class='ocrx_word' id='word_1_147' title='bbox 622 2283 682 2345; x_wconf 91' lang='lat' dir='ltr'>per</span> <span class='ocrx_word' id='word_1_148' title='bbox 720 2283 837 2328; x_wconf 89' lang='lat' dir='ltr'>sensus</span> <span class='ocrx_word' id='word_1_149' title='bbox 874 2263 1119 2330; x_wconf 87' lang='lat' dir='ltr'>animadverto:</span> <span class='ocrx_word' id='word_1_150' title='bbox 1156 2261 1314 2330; x_wconf 83' lang='lat' dir='ltr'>¹videlicet</span> <span class='ocrx_word' id='word_1_151' title='bbox 1347 2262 1413 2327; x_wconf 90' lang='lat' dir='ltr'>iam</span> 
     </span>
     <span class='ocr_line' id='line_1_18' title="bbox 268 2376 1415 2461; baseline 0.003 -21"><span class='ocrx_word' id='word_1_152' title='bbox 268 2377 374 2442; x_wconf 88' lang='lat' dir='ltr'>lucem</span> <span class='ocrx_word' id='word_1_153' title='bbox 402 2376 509 2457; x_wconf 92' lang='lat' dir='ltr'>video,</span> <span class='ocrx_word' id='word_1_154' title='bbox 541 2377 717 2461; x_wconf 87' lang='lat' dir='ltr'>strepitum</span> <span class='ocrx_word' id='word_1_155' title='bbox 749 2378 857 2458; x_wconf 90' lang='lat' dir='ltr'>audio,</span> <span class='ocrx_word' id='word_1_156' title='bbox 891 2379 1034 2445; x_wconf 87' lang='lat' dir='ltr'>calorem</span> <span class='ocrx_word' id='word_1_157' title='bbox 1063 2377 1186 2456; x_wconf 85' lang='lat' dir='ltr'>sentio;</span> <span class='ocrx_word' id='word_1_158' title='bbox 1217 2379 1303 2442; x_wconf 86' lang='lat' dir='ltr'>falsa</span> <span class='ocrx_word' id='word_1_159' title='bbox 1332 2378 1415 2443; x_wconf 88' lang='lat' dir='ltr'>haec</span> 
     </span>
     <span class='ocr_line' id='line_1_19' title="bbox 269 2491 1414 2574; baseline 0.001 -17"><span class='ocrx_word' id='word_1_160' title='bbox 269 2495 356 2572; x_wconf 90' lang='lat' dir='ltr'>sunt,</span> <span class='ocrx_word' id='word_1_161' title='bbox 382 2491 507 2563; x_wconf 87' lang='lat' dir='ltr'>dormio</span> <span class='ocrx_word' id='word_1_162' title='bbox 531 2492 628 2558; x_wconf 80' lang='lat' dir='ltr'>enim,</span> <span class='ocrx_word' id='word_1_163' title='bbox 675 2492 721 2558; x_wconf 87' lang='lat' dir='ltr'>At</span> <span class='ocrx_word' id='word_1_164' title='bbox 745 2497 836 2560; x_wconf 88' lang='lat' dir='ltr'>certe</span> <span class='ocrx_word' id='word_1_165' title='bbox 860 2495 974 2559; x_wconf 90' lang='lat' dir='ltr'>videre</span> <span class='ocrx_word' id='word_1_166' title='bbox 998 2494 1123 2574; x_wconf 89' lang='lat' dir='ltr'>videor,</span> <span class='ocrx_word' id='word_1_167' title='bbox 1154 2493 1279 2573; x_wconf 86' lang='lat' dir='ltr'>audire,</span> <span class='ocrx_word' id='word_1_168' title='bbox 1310 2493 1414 2558; x_wconf 89' lang='lat' dir='ltr'>cales·</span> 
     </span>
     <span class='ocr_line' id='line_1_20' title="bbox 268 2606 1412 2694; baseline 0.001 -21"><span class='ocrx_word' id='word_1_169' title='bbox 268 2628 354 2686; x_wconf 94' lang='lat' dir='ltr'>cere,</span> <span class='ocrx_word' id='word_1_170' title='bbox 378 2607 441 2674; x_wconf 94' lang='lat' dir='ltr'>hoc</span> <span class='ocrx_word' id='word_1_171' title='bbox 463 2606 585 2672; x_wconf 84' lang='lat' dir='ltr'>falsum</span> <span class='ocrx_word' id='word_1_172' title='bbox 609 2629 683 2673; x_wconf 88' lang='lat' dir='ltr'>esse</span> <span class='ocrx_word' id='word_1_173' title='bbox 707 2630 772 2674; x_wconf 90' lang='lat' dir='ltr'>non</span> <span class='ocrx_word' id='word_1_174' title='bbox 796 2608 965 2694; x_wconf 78' lang='lat' dir='ltr'>potest,³⁰)</span> <span class='ocrx_word' id='word_1_175' title='bbox 995 2610 1058 2674; x_wconf 88' lang='lat' dir='ltr'>hoc</span> <span class='ocrx_word' id='word_1_176' title='bbox 1089 2612 1141 2674; x_wconf 86' lang='lat' dir='ltr'>est</span> <span class='ocrx_word' id='word_1_177' title='bbox 1170 2609 1303 2694; x_wconf 91' lang='lat' dir='ltr'>proprie</span> <span class='ocrx_word' id='word_1_178' title='bbox 1327 2608 1412 2692; x_wconf 92' lang='lat' dir='ltr'>quod</span> 
     </span>
     <span class='ocr_line' id='line_1_21' title="bbox 268 2722 1415 2808; baseline 0.002 -22"><span class='ocrx_word' id='word_1_179' title='bbox 268 2722 303 2787; x_wconf 92' lang='lat' dir='ltr'>in</span> <span class='ocrx_word' id='word_1_180' title='bbox 326 2743 379 2788; x_wconf 91' lang='lat' dir='ltr'>me</span> <span class='ocrx_word' id='word_1_181' title='bbox 403 2722 527 2788; x_wconf 88' lang='lat' dir='ltr'>sentire</span> <span class='ocrx_word' id='word_1_182' title='bbox 552 2723 751 2808; x_wconf 67' lang='lat' dir='ltr'>appellatum</span> <span class='ocrx_word' id='word_1_183' title='bbox 782 2727 884 2807; x_wconf 88' lang='lat' dir='ltr'>atque</span> <span class='ocrx_word' id='word_1_184' title='bbox 913 2725 975 2790; x_wconf 91' lang='lat' dir='ltr'>hoc</span> <span class='ocrx_word' id='word_1_185' title='bbox 1003 2724 1153 2808; x_wconf 87' lang='lat' dir='ltr'>praecise</span> <span class='ocrx_word' id='word_1_186' title='bbox 1177 2723 1225 2788; x_wconf 91' lang='lat' dir='ltr'>sic</span> <span class='ocrx_word' id='word_1_187' title='bbox 1249 2727 1415 2807; x_wconf 88' lang='lat' dir='ltr'>sumptum</span> 
     </span>
     <span class='ocr_line' id='line_1_22' title="bbox 269 2838 1415 2922; baseline 0.002 -19"><span class='ocrx_word' id='word_1_188' title='bbox 269 2838 351 2903; x_wconf 91' lang='lat' dir='ltr'>nihil</span> <span class='ocrx_word' id='word_1_189' title='bbox 374 2839 463 2904; x_wconf 87' lang='lat' dir='ltr'>eliud</span> <span class='ocrx_word' id='word_1_190' title='bbox 487 2842 539 2904; x_wconf 92' lang='lat' dir='ltr'>est</span> <span class='ocrx_word' id='word_1_191' title='bbox 562 2860 660 2921; x_wconf 93' lang='lat' dir='ltr'>quam</span> <span class='ocrx_word' id='word_1_192' title='bbox 685 2840 847 2922; x_wconf 91' lang='lat' dir='ltr'>cogitare:</span> <span class='ocrx_word' id='word_1_193' title='bbox 872 2861 915 2905; x_wconf 87' lang='lat' dir='ltr'>ex</span> <span class='ocrx_word' id='word_1_194' title='bbox 939 2839 1057 2922; x_wconf 90' lang='lat' dir='ltr'>quibus</span> <span class='ocrx_word' id='word_1_195' title='bbox 1078 2839 1229 2922; x_wconf 87' lang='lat' dir='ltr'>equidem</span> <span class='ocrx_word' id='word_1_196' title='bbox 1247 2839 1415 2921; x_wconf 90' lang='lat' dir='ltr'>aliquanto</span> 
     </span>
     <span class='ocr_line' id='line_1_23' title="bbox 268 2953 1415 3040; baseline -0.001 -21"><span class='ocrx_word' id='word_1_197' title='bbox 268 2953 386 3020; x_wconf 90' lang='lat' dir='ltr'>melius</span> <span class='ocrx_word' id='word_1_198' title='bbox 409 2954 530 3040; x_wconf 91' lang='lat' dir='ltr'>incipio</span> <span class='ocrx_word' id='word_1_199' title='bbox 555 2976 652 3023; x_wconf 88' lang='lat' dir='ltr'>nosse</span> <span class='ocrx_word' id='word_1_200' title='bbox 669 2955 821 3037; x_wconf 86' lang='lat' dir='ltr'>quisnam</span> <span class='ocrx_word' id='word_1_201' title='bbox 841 2955 917 3021; x_wconf 90' lang='lat' dir='ltr'>sim:</span> <span class='ocrx_word' id='word_1_202' title='bbox 944 2955 1002 3021; x_wconf 89' lang='lat' dir='ltr'>sed</span> <span class='ocrx_word' id='word_1_203' title='bbox 1019 2956 1127 3021; x_wconf 92' lang='lat' dir='ltr'>adhuc</span> <span class='ocrx_word' id='word_1_204' title='bbox 1144 2958 1256 3020; x_wconf 88' lang='lat' dir='ltr'>tamen</span> <span class='ocrx_word' id='word_1_205' title='bbox 1274 2955 1415 3034; x_wconf 88' lang='lat' dir='ltr'>videtur,</span> 
     </span>
     <span class='ocr_line' id='line_1_24' title="bbox 269 3070 1416 3156; baseline -0.001 -21"><span class='ocrx_word' id='word_1_206' title='bbox 269 3092 329 3136; x_wconf 89' lang='lat' dir='ltr'>nec</span> <span class='ocrx_word' id='word_1_207' title='bbox 353 3092 488 3154; x_wconf 92' lang='lat' dir='ltr'>possum</span> <span class='ocrx_word' id='word_1_208' title='bbox 516 3070 685 3136; x_wconf 89' lang='lat' dir='ltr'>abstinere</span> <span class='ocrx_word' id='word_1_209' title='bbox 716 3070 794 3153; x_wconf 92' lang='lat' dir='ltr'>quin</span> <span class='ocrx_word' id='word_1_210' title='bbox 818 3073 942 3156; x_wconf 90' lang='lat' dir='ltr'>putem,</span> <span class='ocrx_word' id='word_1_211' title='bbox 973 3091 1027 3136; x_wconf 92' lang='lat' dir='ltr'>res</span> <span class='ocrx_word' id='word_1_212' title='bbox 1058 3091 1244 3155; x_wconf 83' lang='lat' dir='ltr'>corporeae,</span> <span class='ocrx_word' id='word_1_213' title='bbox 1277 3091 1416 3153; x_wconf 92' lang='lat' dir='ltr'>quarum</span> 
     </span>
     <span class='ocr_line' id='line_1_25' title="bbox 268 3184 1416 3270; baseline 0.002 -22"><span class='ocrx_word' id='word_1_214' title='bbox 268 3185 432 3267; x_wconf 86' lang='lat' dir='ltr'>imagines</span> <span class='ocrx_word' id='word_1_215' title='bbox 457 3184 659 3266; x_wconf 89' lang='lat' dir='ltr'>cogitatione</span> <span class='ocrx_word' id='word_1_216' title='bbox 682 3186 927 3269; x_wconf 78' lang='lat' dir='ltr'>formantur,³1)</span> <span class='ocrx_word' id='word_1_217' title='bbox 960 3189 995 3252; x_wconf 92' lang='lat' dir='ltr'>et</span> <span class='ocrx_word' id='word_1_218' title='bbox 1023 3208 1105 3268; x_wconf 90' lang='lat' dir='ltr'>quas</span> <span class='ocrx_word' id='word_1_219' title='bbox 1128 3186 1192 3270; x_wconf 89' lang='lat' dir='ltr'>ipsi</span> <span class='ocrx_word' id='word_1_220' title='bbox 1216 3207 1333 3252; x_wconf 88' lang='lat' dir='ltr'>sensus</span> <span class='ocrx_word' id='word_1_221' title='bbox 1357 3207 1416 3251; x_wconf 84' lang='lat' dir='ltr'>ex-</span> 
     </span>
     <span class='ocr_line' id='line_1_26' title="bbox 269 3298 1416 3384; baseline 0.001 -21"><span class='ocrx_word' id='word_1_222' title='bbox 269 3300 411 3384; x_wconf 92' lang='lat' dir='ltr'>plorant,</span> <span class='ocrx_word' id='word_1_223' title='bbox 435 3301 538 3365; x_wconf 91' lang='lat' dir='ltr'>multo</span> <span class='ocrx_word' id='word_1_224' title='bbox 564 3300 752 3366; x_wconf 88' lang='lat' dir='ltr'>distinctius</span> <span class='ocrx_word' id='word_1_225' title='bbox 781 3298 918 3383; x_wconf 88' lang='lat' dir='ltr'>agnosci</span> <span class='ocrx_word' id='word_1_226' title='bbox 947 3322 1045 3384; x_wconf 90' lang='lat' dir='ltr'>quam</span> <span class='ocrx_word' id='word_1_227' title='bbox 1076 3301 1166 3366; x_wconf 92' lang='lat' dir='ltr'>istud</span> <span class='ocrx_word' id='word_1_228' title='bbox 1195 3301 1306 3366; x_wconf 91' lang='lat' dir='ltr'>nescio</span> <span class='ocrx_word' id='word_1_229' title='bbox 1338 3299 1416 3383; x_wconf 92' lang='lat' dir='ltr'>quid</span> 
     </span>
    </p>
   </div>
   <div class='ocr_carea' id='block_1_3' title="bbox 205 3527 1418 4114">
    <p class='ocr_par' dir='ltr' id='par_1_3' title="bbox 205 3527 1418 4114">
     <span class='ocr_line' id='line_1_27' title="bbox 295 3527 1418 3608; baseline 0.001 -27"><span class='ocrx_word' id='word_1_230' title='bbox 295 3602 298 3608; x_wconf 30' lang='grc' dir='ltr'>Ι</span> <span class='ocrx_word' id='word_1_231' title='bbox 377 3528 412 3595; x_wconf 76' lang='lat'>²⁹)</span> <span class='ocrx_word' id='word_1_232' title='bbox 434 3527 479 3581; x_wconf 83' lang='lat' dir='ltr'>An</span> <span class='ocrx_word' id='word_1_233' title='bbox 497 3527 581 3582; x_wconf 80' lang='lat' dir='ltr'>Stella</span> <span class='ocrx_word' id='word_1_234' title='bbox 605 3529 653 3583; x_wconf 88' lang='lat' dir='ltr'>des</span> <span class='ocrx_word' id='word_1_235' title='bbox 680 3530 822 3598; x_wconf 87' lang='lat' dir='ltr'>,deceptor</span> <span class='ocrx_word' id='word_1_236' title='bbox 840 3530 990 3598; x_wconf 80' lang='lat' dir='ltr'>malignus“</span> <span class='ocrx_word' id='word_1_237' title='bbox 1018 3529 1079 3584; x_wconf 91' lang='lat' dir='ltr'>tritt</span> <span class='ocrx_word' id='word_1_238' title='bbox 1097 3528 1350 3597; x_wconf 83' lang='lat' dir='ltr'>bedingungsweise</span> <span class='ocrx_word' id='word_1_239' title='bbox 1369 3529 1418 3582; x_wconf 91' lang='lat' dir='ltr'>der</span> 
     </span>
     <span class='ocr_line' id='line_1_28' title="bbox 270 3611 998 3686; baseline 0 -16"><span class='ocrx_word' id='word_1_240' title='bbox 270 3616 438 3686; x_wconf 80' lang='lat' dir='ltr'>Schdpfer.</span> <span class='ocrx_word' id='word_1_241' title='bbox 995 3611 998 3616; x_wconf 65' lang='grc'><em>’</em></span> 
     </span>
     <span class='ocr_line' id='line_1_29' title="bbox 377 3704 1417 3777; baseline 0.002 -20"><span class='ocrx_word' id='word_1_242' title='bbox 377 3707 411 3770; x_wconf 84' lang='lat'>⁸⁰)</span> <span class='ocrx_word' id='word_1_243' title='bbox 431 3705 487 3758; x_wconf 89' lang='lat' dir='ltr'>Der</span> <span class='ocrx_word' id='word_1_244' title='bbox 497 3705 748 3762; x_wconf 86' lang='lat' dir='ltr'>Bewusstseinsakt</span> <span class='ocrx_word' id='word_1_245' title='bbox 759 3724 836 3761; x_wconf 87' lang='lat' dir='ltr'>muss</span> <span class='ocrx_word' id='word_1_246' title='bbox 848 3707 944 3761; x_wconf 85' lang='lat' dir='ltr'>immor</span> <span class='ocrx_word' id='word_1_247' title='bbox 959 3707 1144 3773; x_wconf 80' lang='lat' dir='ltr'>,wirklich“</span> <span class='ocrx_word' id='word_1_248' title='bbox 1160 3707 1226 3772; x_wconf 89' lang='lat' dir='ltr'>sein,</span> <span class='ocrx_word' id='word_1_249' title='bbox 1239 3707 1302 3760; x_wconf 89' lang='lat' dir='ltr'>weil</span> <span class='ocrx_word' id='word_1_250' title='bbox 1317 3704 1417 3777; x_wconf 88' lang='lat' dir='ltr'>jedoch</span> 
     </span>
     <span class='ocr_line' id='line_1_30' title="bbox 269 3793 1417 3864; baseline 0.001 -17"><span class='ocrx_word' id='word_1_251' title='bbox 269 3795 312 3848; x_wconf 89' lang='lat' dir='ltr'>die</span> <span class='ocrx_word' id='word_1_252' title='bbox 330 3793 474 3848; x_wconf 81' lang='lat' dir='ltr'>Wahrheit</span> <span class='ocrx_word' id='word_1_253' title='bbox 498 3795 546 3847; x_wconf 88' lang='lat' dir='ltr'>der</span> <span class='ocrx_word' id='word_1_254' title='bbox 563 3793 744 3850; x_wconf 81' lang='lat' dir='ltr'>Erkenntniss</span> <span class='ocrx_word' id='word_1_255' title='bbox 762 3795 790 3849; x_wconf 92' lang='lat' dir='ltr'>in</span> <span class='ocrx_word' id='word_1_256' title='bbox 809 3797 857 3849; x_wconf 90' lang='lat' dir='ltr'>der</span> <span class='ocrx_word' id='word_1_257' title='bbox 874 3795 1063 3864; x_wconf 82' lang='lat' dir='ltr'>Beziehung</span> <span class='ocrx_word' id='word_1_258' title='bbox 1084 3813 1198 3851; x_wconf 82' lang='lat' dir='ltr'>anseres</span> <span class='ocrx_word' id='word_1_259' title='bbox 1216 3795 1417 3850; x_wconf 85' lang='lat' dir='ltr'>Bewusetseins</span> 
     </span>
     <span class='ocr_line' id='line_1_31' title="bbox 205 3881 1418 3952; baseline 0.005 -22"><span class='ocrx_word' id='word_1_260' title='bbox 205 3927 206 3930; x_wconf 76' lang='grc'>,</span> <span class='ocrx_word' id='word_1_261' title='bbox 269 3899 301 3936; x_wconf 87' lang='lat' dir='ltr'>zu</span> <span class='ocrx_word' id='word_1_262' title='bbox 319 3882 414 3950; x_wconf 88' lang='lat' dir='ltr'>irgend</span> <span class='ocrx_word' id='word_1_263' title='bbox 432 3881 564 3937; x_wconf 90' lang='lat' dir='ltr'>welchem</span> <span class='ocrx_word' id='word_1_264' title='bbox 583 3883 689 3937; x_wconf 84' lang='lat' dir='ltr'>Inhalte</span> <span class='ocrx_word' id='word_1_265' title='bbox 707 3883 823 3948; x_wconf 88' lang='lat' dir='ltr'>besteht,</span> <span class='ocrx_word' id='word_1_266' title='bbox 847 3883 920 3937; x_wconf 80' lang='lat' dir='ltr'>steht</span> <span class='ocrx_word' id='word_1_267' title='bbox 941 3883 999 3938; x_wconf 88' lang='lat' dir='ltr'>sich</span> <span class='ocrx_word' id='word_1_268' title='bbox 1017 3884 1049 3937; x_wconf 89' lang='lat' dir='ltr'>D.</span> <span class='ocrx_word' id='word_1_269' title='bbox 1068 3884 1218 3952; x_wconf 79' lang='lat' dir='ltr'>gendthigt,</span> <span class='ocrx_word' id='word_1_270' title='bbox 1238 3881 1316 3938; x_wconf 81' lang='lat' dir='ltr'>Alles</span> <span class='ocrx_word' id='word_1_271' title='bbox 1334 3901 1418 3937; x_wconf 85' lang='lat' dir='ltr'>zuvor</span> 
     </span>
     <span class='ocr_line' id='line_1_32' title="bbox 269 3970 1417 4040; baseline 0.001 -15"><span class='ocrx_word' id='word_1_272' title='bbox 269 3970 445 4038; x_wconf 75' lang='lat' dir='ltr'>celeugneu,</span> <span class='ocrx_word' id='word_1_273' title='bbox 471 3971 536 4024; x_wconf 92' lang='lat' dir='ltr'>oder</span> <span class='ocrx_word' id='word_1_274' title='bbox 558 3971 601 4026; x_wconf 82' lang='lat' dir='ltr'>ele</span> <span class='ocrx_word' id='word_1_275' title='bbox 623 3971 714 4027; x_wconf 85' lang='lat' dir='ltr'>falech</span> <span class='ocrx_word' id='word_1_276' title='bbox 731 3971 921 4040; x_wconf 86' lang='lat' dir='ltr'>Hingestellte,</span> <span class='ocrx_word' id='word_1_277' title='bbox 945 3973 973 4026; x_wconf 87' lang='lat' dir='ltr'>in</span> <span class='ocrx_word' id='word_1_278' title='bbox 990 3973 1039 4027; x_wconf 88' lang='lat' dir='ltr'>der</span> <span class='ocrx_word' id='word_1_279' title='bbox 1057 3973 1137 4026; x_wconf 79' lang='lat' dir='ltr'>Form</span> <span class='ocrx_word' id='word_1_280' title='bbox 1156 3973 1204 4028; x_wconf 86' lang='lat' dir='ltr'>des</span> <span class='ocrx_word' id='word_1_281' title='bbox 1222 3972 1417 4040; x_wconf 79' lang='lat' dir='ltr'>Erinneumgs-</span> 
     </span>
     <span class='ocr_line' id='line_1_33' title="bbox 268 4058 697 4114; baseline 0.005 -2"><span class='ocrx_word' id='word_1_282' title='bbox 268 4058 356 4112; x_wconf 90' lang='lat' dir='ltr'>bildes</span> <span class='ocrx_word' id='word_1_283' title='bbox 373 4059 474 4113; x_wconf 89' lang='lat' dir='ltr'>wieder</span> <span class='ocrx_word' id='word_1_284' title='bbox 491 4059 697 4114; x_wconf 86' lang='lat' dir='ltr'>aufzunehmen.</span> 
     </span>
    </p>
   </div>
   <div class='ocr_carea' id='block_1_4' title="bbox 0 0 1611 4872">
    <p class='ocr_par' dir='ltr' id='par_1_4' title="bbox 0 0 1611 4872">
     <span class='ocr_line' id='line_1_34' title="bbox 0 0 1611 4872; baseline 0 0"><span class='ocrx_word' id='word_1_285' title='bbox 0 0 1611 4872; x_wconf 95' lang='lat' dir='ltr'> </span> 
     </span>
    </p>
   </div>
  </div>
 </body>
</html>
