3204 4874
248 358 310 420 150
684 352 824 407 Meditatio
842 353 950 418 Quarta.

246 554 281 617 11
304 551 497 634 qualesnam
525 550 593 616 sint
621 570 751 616 errores
780 549 896 633 meilf)
928 548 997 632 (qui
1021 550 1081 616 soli
1105 550 1389 634 imperfectionem

247 667 392 750 aliquam
414 666 449 732 in
472 686 525 731 me
550 665 708 749 arguunt)
732 665 951 747 investigans,
976 665 1115 732 adverto
1138 665 1212 732 illos
1228 686 1249 731 a
1265 665 1391 733 duabus

248 781 357 849 causis
380 781 477 847 simul
508 781 780 847 concurrentibus
811 780 1007 866 dependere,
1040 802 1157 865 nempe
1187 781 1391 849 afacultate

248 899 467 982 cognoscendi
498 918 582 981 quac
612 898 647 963 in
676 919 729 964 me
754 900 815 978 cst,
840 900 875 963 et
899 919 918 962 a
941 897 1103 963 facultate
1134 897 1288 980 eligendi,
1320 899 1392 964 sive

248 1016 290 1081 ab
314 1014 444 1080 arbitrii
474 1013 641 1094 libertate,
671 1013 734 1080 hoc
759 1016 811 1079 est
834 1013 875 1078 ab
900 1013 1081 1095 intellectu,
1113 1016 1147 1080 11
1170 1014 1268 1079 simul
1290 1034 1311 1079 a
1333 1007 1392 1081 vo'-

247 1131 444 1216 luntate;²⁰)
484 1151 561 1195 nam
599 1151 659 1214 per
697 1130 802 1196 solum
838 1129 1044 1196 intellectum
1080 1130 1226 1215 percipio
1261 1133 1392 1196 tantum

247 1243 341 1312 ideas
375 1245 416 1312 de
448 1246 566 1329 quibus
597 1245 754 1312 iudicium
785 1246 875 1312 ferre
908 1267 1053 1330 possum,
1086 1267 1148 1312 nec
1180 1246 1265 1312 ullus
1300 1267 1393 1313 error

248 1361 380 1447 proprie
419 1362 527 1428 dictus
564 1362 599 1427 in
633 1383 672 1428 eo
704 1361 854 1446 praecise
889 1361 936 1428 sic
970 1365 1121 1446 spectato
1159 1362 1391 1448 reperitur;²1)

249 1479 401 1562 quamvis
436 1478 523 1544 enim
560 1477 754 1544 innumerae
792 1477 936 1544 fortasse
975 1499 1030 1544 res
1069 1478 1218 1544 existant
1256 1498 1392 1562 quarum

248 1596 343 1662 ideae
367 1595 475 1660 nullae
498 1593 534 1660 in
556 1615 609 1659 me
633 1597 720 1675 sunt,
745 1597 947 1660 nontamen
974 1594 1108 1679 proprie
1137 1594 1202 1660 illis
1231 1594 1393 1678 privatus,

250 1712 309 1778 sed
324 1711 482 1793 negative
498 1713 630 1777 tantum
651 1710 831 1776 destitutus
847 1731 921 1776 sum
937 1709 1152 1796 dicendus‚²²)
1176 1709 1254 1794 qnia
1277 1732 1394 1795 nempe

249 1828 413 1894 rationem
443 1829 567 1893 nullam
600 1847 734 1911 possum
767 1827 878 1908 affere,
912 1833 977 1910 qua
1008 1826 1146 1911 probem
1176 1809 1281 1892 Deum
1315 1826 1394 1892 mihi

250 1943 411 2010 maiorem
446 1964 544 2026 quam
577 1942 707 2008 dederit
741 1941 962 2024 cognoscendi
996 1942 1191 2009 facultatem
1226 1942 1306 2008 dare
1339 1943 1394 2009 de·

249 2060 361 2126 buisse
369 2085 377 2139 ;
386 2060 429 2145 ²²)
447 2061 547 2142 atque
560 2058 772 2141 quantumvis
784 2058 928 2144 peritum
940 2059 1102 2125 artificem
1115 2080 1189 2124 esse
1200 2058 1394 2142 intelligam,

252 2197 318 2242 non
347 2177 461 2240 tamen
490 2174 564 2240 ideo
594 2177 675 2258 puto
706 2174 796 2240 illum
829 2174 864 2240 in
896 2175 1035 2258 singulis
1067 2196 1110 2240 ex
1142 2174 1212 2240 suis
1242 2175 1396 2260 operibus

251 2313 366 2357 omnes
389 2290 612 2376 perfectiones
635 2311 759 2375 ponere
775 2290 928 2358 debuisse
944 2312 1027 2374 quas
1043 2290 1077 2356 in
1094 2290 1258 2374 aliquibus
1273 2311 1395 2375 ponere

250 2409 430 2492 potestz²²)
463 2407 535 2473 Nec
566 2427 647 2472 vero
680 2406 783 2472 etiam
813 2406 906 2489 queri
936 2428 1070 2491 possum
1103 2408 1190 2490 quod
1221 2407 1395 2474 nonsatis

252 2524 396 2608 amplam
416 2525 451 2588 et
467 2522 650 2607 perfectam
667 2523 883 2605 voluntatem,
909 2522 980 2589 sive
1001 2522 1130 2589 arbitrii
1152 2523 1343 2589 libertatem
1351 2522 1394 2607 ²⁵)

252 2661 272 2705 a
295 2641 366 2706 Deo
390 2638 590 2724 acceperim
620 2659 697 2704 nam
729 2658 809 2704 sane
840 2638 937 2704 nullis
960 2639 1049 2704 illam
1072 2639 1233 2705 limitibus
1257 2638 1396 2704 circum-

253 2755 352 2822 scribi
377 2755 588 2840 experior.²⁶)
634 2755 680 2820 Et
703 2755 790 2837 quod
814 2755 910 2820 valde
941 2755 1122 2821 notandum
1149 2754 1230 2820 mihi
1253 2754 1395 2836 videtur,

251 2871 341 2937 nulla
371 2871 436 2936 alia
466 2870 500 2936 in
530 2892 583 2936 me
615 2874 693 2937 sunt
720 2873 790 2936 tam
820 2871 980 2955 perfecta,
1013 2874 1072 2937 aut
1100 2873 1208 2951 tanta,
1239 2870 1317 2953 quin
1347 2870 1397 2935 in-

359 3028 394 3098 ¹²)
412 3029 445 3083 D.
455 3029 579 3083 versteht
594 3031 674 3084 unter
685 3028 841 3094 Irrthum‚
856 3027 898 3082 die
911 3028 1251 3099 Nichtliberoinstimmung
1263 3029 1397 3084 zwischen

252 3119 314 3175 Scin
331 3119 387 3172 und
404 3117 528 3172 Denken.

358 3207 394 3275 ²⁰)
420 3209 461 3261 Im
483 3207 588 3275 Beginn
611 3207 658 3262 der
680 3207 780 3261 dritten
801 3206 961 3262 Meditation
984 3207 1019 3276 (p.
1039 3207 1084 3277 92)
1108 3209 1199 3262 wurde
1224 3208 1286 3262 dem
1313 3209 1397 3276 ,cogi-

252 3299 324 3353 tare²
351 3297 400 3351 das
426 3295 526 3361 ,velle“
552 3296 608 3350 und
634 3296 736 3362 ,nolle“
762 3298 978 3364 untergeordnet,
1004 3295 1062 3370 hier
1085 3298 1146 3353 tritt
1170 3299 1213 3352 die
1238 3298 1395 3364 π1111111111ιι

252 3387 313 3441 dem
329 3385 514 3452 ,intellectus“
535 3385 576 3439 als
593 3385 770 3454 gleichartige
782 3403 864 3440 causa
881 3404 927 3440 zur
940 3386 1021 3441 Seite.
1051 3387 1095 3440 An
1108 3387 1167 3440 eine
1179 3386 1397 3454 Untersuohung,

251 3474 369 3530 walchen
386 3474 475 3528 dieser
491 3474 588 3528 beiden
605 3473 786 3544 psychischen
802 3475 939 3530 Falrtoron
958 3475 1004 3529 der
1015 3475 1220 3544 ursprlingliche
1238 3475 1286 3541 sei,
1305 3475 1354 3530 1111
1364 3475 1397 3529 D.
1472 3503 1474 3506 ·

251 3563 327 3618 nicht
345 3563 469 3631 gedachl.

359 3650 395 3720 ²¹)
414 3653 446 3706 In
464 3652 512 3706 der
528 3652 782 3722 Apprahension
801 3653 875 3708 eines
888 3653 1095 3722 Gegenstandes
1113 3653 1181 3722 liegt
1197 3653 1262 3707 kain
1274 3653 1398 3708 lrrthum.

360 3741 396 3810 ²²)
416 3741 475 3795 Wir
492 3741 614 3796 besitzen
633 3741 699 3797 Gott
717 3742 871 3810 gegcnbber
896 3742 977 3797 keine
995 3743 1099 3798 Rechte
1117 3743 1172 3798 und
1191 3742 1286 3797 dfirfsn
1305 3742 1399 3797 darum

251 3831 333 3886 keine
352 3837 476 3899 grbssere
495 3832 604 3886 Summo
622 3849 676 3885 von
695 3831 910 3887 Erkennlnissan
927 3833 1082 3902 verlangen,
1107 3833 1149 3888 als
1168 3833 1217 3886 wir
1234 3832 1363 3887 besitzen.

359 3920 395 3987 ²⁸)
413 3920 507 3974 Damit
528 3921 566 3976 ist
589 3921 636 3974 der
659 3937 708 3975 ans
731 3921 779 3974 dor
799 3921 932 3986 ,facultas
948 3921 1101 3992 judicandi“
1123 3920 1331 3992 cntspringcnde
1350 3922 1400 3975 Irr-

254 4009 331 4066 1111111
349 4028 398 4064 vor
417 4009 464 4063 der
482 4009 631 4078 gbttlichen
643 4009 876 4078 Wahrhaftigkeit
893 4011 1105 4080 gerechtfertigt.

360 4100 396 4169 ²²)
414 4099 538 4154 Insofern
557 4099 607 4152 wir
625 4097 709 4152 durch
728 4097 780 4153 den
797 4097 921 4152 Willen
942 4116 1003 4153 zum
1015 4100 1132 4156 Irrthum
1145 4099 1272 4154 verleitet
1284 4099 1400 4167 werden,
