3154 4860
672 379 822 450 Arreniix·
1258 383 1321 446 241

175 578 344 644 affirmari.
389 577 437 644 Ut
459 577 537 660 quia
560 577 594 643 in
617 580 739 643 natura
761 577 921 660 trianguli
945 577 1134 643 continetur
1157 576 1228 642 eius
1251 579 1322 641 tres

173 695 313 777 angulos
337 694 493 776 aequales
517 713 590 759 esse
615 692 742 758 duobus
764 693 876 774 rectis,
907 696 942 759 et
964 692 999 758 in
1022 695 1144 758 natura
1169 691 1322 775 Corporis

175 811 246 876 sive
270 809 318 875 rei
342 812 503 875 extensae
527 809 716 876 continetur
740 807 951 874 divisibilitas
981 807 1117 890 (nullam
1141 806 1228 873 enim
1252 825 1322 872 rem

175 930 351 991 extensam
373 928 444 990 tam
467 925 622 1006 exiguam
647 924 848 1009 concipimus
873 923 952 1006 quin
974 923 1065 988 illam
1089 924 1208 989 saltem
1233 922 1322 1003 cogi-

175 1040 303 1106 tatione
335 1039 483 1104 dividere
511 1037 689 1123 possimus)
721 1059 837 1104 verum
866 1043 918 1104 est
943 1039 1052 1105 dicere
1076 1037 1182 1103 omnis
1206 1037 1341 1124 Titan-¹

174 1155 242 1238 guli
277 1157 347 1221 tres
382 1155 521 1236 angulos
556 1153 711 1235 aequales
747 1175 821 1220 esse
855 1154 981 1220 duobus
1014 1153 1127 1233 rectis,
1161 1157 1195 1219 et
1227 1173 1324 1218 omne

175 1271 299 1354 Corpus
324 1291 397 1336 esse
422 1269 595 1335 divisibile.

284 1405 409 1484 Quinto,
445 1401 492 1468 Ut
527 1401 582 1467 diu
616 1402 819 1485 multumque
852 1403 886 1468 in
918 1405 1039 1468 natura
1075 1402 1163 1468 entis
1196 1405 1323 1466 summe

175 1517 317 1604 perfecti
350 1517 603 1600 contemplanda
634 1516 866 1584 immorentur:
900 1521 935 1584 et
964 1518 1053 1583 inter
1082 1520 1216 1583 caetera
1247 1537 1324 1582 oon·

176 1634 325 1698 siderent
347 1633 381 1697 in
405 1632 544 1697 aliarum
576 1632 707 1714 quidem
738 1633 883 1698 omnium
914 1637 1108 1698 naturarum
1138 1631 1223 1698 ideis
1253 1631 1325 1697 exi-

176 1749 335 1816 stentiam
374 1748 574 1833 possibilem,
614 1747 649 1813 in
681 1748 743 1813 Dei
783 1752 895 1813 autem
929 1747 1005 1813 idea
1037 1770 1103 1814 non
1133 1747 1324 1832 possibilem

176 1868 318 1945 tantum,
350 1863 409 1929 sed
439 1864 571 1929 omnino
602 1863 825 1928 necessariam
857 1862 1028 1929 contineri.
1075 1864 1129 1928 Ex
1152 1862 1214 1928 hoo
1237 1861 1324 1926 enim

176 1981 256 2059 solo,
289 1983 324 2044 et
353 1979 478 2061 absque
511 1980 575 2045 ullo
608 1979 758 2044 discursu
792 1981 994 2061 cognoscent
1024 1979 1130 2044 Deum
1164 1977 1326 2056 existere;

177 2095 306 2177 eritque
339 2094 421 2179 ipsis
454 2116 519 2160 non
554 2094 662 2159 minus
696 2115 756 2177 per
788 2115 824 2158 se
857 2097 982 2173 notum,
1018 2096 1116 2176 quam
1151 2114 1325 2158 numerum
1364 2136 1367 2141 -

178 2210 342 2276 binarium
371 2231 445 2276 esse
472 2231 598 2295 parem,
629 2210 683 2275 vel
712 2208 895 2275 ternarium
925 2209 1098 2293 imparem,
1129 2212 1164 2275 et
1195 2208 1324 2274 similia.

178 2326 347 2392 Nonnulla
375 2326 461 2391 enim
492 2325 687 2408 quibusdam
711 2346 770 2410 per
794 2346 831 2390 se
854 2327 935 2390 nota
958 2327 1045 2405 sunt,
1077 2345 1162 2407 quae
1186 2324 1227 2390 ab
1252 2324 1325 2389 aliis

179 2463 244 2507 non
267 2441 331 2507 nisi
354 2463 415 2525 per
438 2440 621 2506 discursum
645 2441 886 2523 intelliguntur.

289 2574 390 2655 Scato,
421 2576 459 2638 ut
488 2573 721 2658 perpendendo
752 2575 906 2658 exempla
933 2574 1044 2639 omnia
1067 2573 1186 2652 clarae,
1218 2574 1253 2636 et
1276 2571 1325 2636 di·

180 2687 323 2753 stinctae
347 2687 579 2771 perceptionis,
610 2687 755 2768 itemque
779 2688 949 2768 obscurae,
981 2691 1016 2752 et
1044 2687 1212 2766 confusae,
1241 2706 1325 2768 quac

178 2802 212 2866 in
227 2800 501 2867 Meditationibus
517 2801 600 2866 meis
615 2802 777 2882 recensui,
802 2823 843 2868 ea
866 2821 950 2884 quae
970 2803 1058 2867 clare
1079 2781 1325 2884 cognoscuntur

178 2918 219 2982 ab
244 2916 392 2982 obscuris
416 2916 621 2999 distinguere
645 2921 849 2998 assuescant,
874 2917 936 2984 hoo
960 2917 1048 2982 enim
1064 2915 1195 2981 facilius
1211 2937 1325 2981 exem·

179 3032 242 3117 plis
273 3035 371 3114 quam
401 3032 526 3115 regulis
556 3032 748 3113 addiscitur,
780 3037 815 3098 et
845 3036 925 3117 puto
949 3053 1001 3097 me
1025 3031 1070 3095 ibi
1094 3031 1205 3098 omnia
1229 3031 1326 3096 huius

178 3148 228 3213 rei
252 3148 405 3232 exempla
428 3149 481 3212 vel
505 3147 713 3232 explicuisse,
738 3148 793 3213 vel
816 3148 935 3213 saltem
958 3150 1136 3228 utcumque
1160 3147 1324 3228 attigisse.

288 3282 436 3366 Septimo,
468 3280 608 3362 denique
639 3283 677 3345 ut
708 3279 933 3361 advertentes,
965 3279 1089 3344 nullam
1117 3299 1153 3344 se
1182 3299 1325 3360 unquam

178 3397 213 3461 in
247 3396 288 3461 iis
327 3399 413 3479 qua'e
452 3396 540 3461 claro
576 3398 798 3479 perceperunt
834 3395 1018 3461 falsitatem
1058 3394 1325 3478 deprehendisse,
1406 3479 1409 3484 .

181 3512 369 3592 nullamque
393 3516 411 3576 e
435 3514 552 3577 contra
575 3510 753 3576 veritatem
782 3509 817 3574 in
847 3510 985 3576 obscure
1014 3511 1144 3574 tantum
1178 3531 1326 3594 compre·

182 3625 306 3705 heusis,
332 3624 395 3690 nisi
419 3645 498 3690 casu
521 3625 696 3710 reperisse,
722 3624 932 3691 considerent
955 3645 1029 3689 essa
1046 3644 1067 3688 a
1082 3624 1212 3690 ratione
1228 3626 1326 3709 plant

180 3739 324 3806 alienum
347 3742 485 3824 propter
506 3740 576 3806 sola
591 3761 747 3806 sensuum
763 3739 976 3824 praeiudicia,
1000 3739 1054 3804 vel
1069 3742 1206 3824 propter
1221 3741 1326 3824 hypo-

181 3855 296 3921 theses
319 3855 354 3919 in
378 3853 496 3936 quibus
520 3854 643 3936 aliquid
666 3854 772 3938 ignoti
796 3854 1016 3935 contineatur,
1040 3874 1081 3918 ea
1104 3873 1189 3935 quae
1209 3858 1326 3940 apuro

180 3971 351 4036 intellectu
375 3970 464 4034 clare
489 3973 524 4034 et
542 3969 698 4036 distincte
713 3969 941 4055 percipiuntur
956 3969 990 4034 in
1007 3968 1141 4034 dubium
1157 3991 1324 4037 revocare.

180 4087 232 4150 lta
256 4085 344 4151 enim
367 4084 466 4150 facile
490 4084 664 4166 sequentia
688 4085 857 4151 axiomata
879 4084 1055 4169 provenis,
1080 4087 1115 4150 et
1130 4084 1326 4153 indubitatis

246 4201 409 4245 Desoartes,
422 4199 586 4240 Meditationes.
1134 4189 1166 4244 16
