3188 4876
660 1223 990 1305 PRAEFATIO

809 1351 844 1405 ad

728 1449 924 1518 Lectorem.

760 1595 893 1602 ———-

362 1659 586 1759 Quaestiones
611 1689 651 1755 de
667 1690 737 1756 Deo
761 1695 796 1756 et
819 1695 931 1758 mente
947 1692 1092 1756 humana
1107 1689 1173 1756 iam
1190 1693 1269 1756 ante
1285 1690 1399 1774 paucis

255 1803 354 1886 attigi
376 1804 411 1870 in
434 1804 678 1871 Dissertatione
702 1805 743 1869 de
766 1806 923 1873 Methodo
946 1810 1038 1872 recte
1061 1806 1231 1889 regendae
1261 1805 1399 1871 rationis

254 1922 289 1984 et
304 1918 459 1985 veritatis
474 1920 509 1985 in
524 1919 674 1987 scientiis
689 1920 944 2004 investigandae
960 1921 1078 2004 gallice
1095 1921 1186 1987 edita
1201 1942 1288 1987 anno
1303 1924 1398 1988 1637.

254 2034 331 2102 Non
354 2034 486 2118 quidem
515 2040 554 2102 ut
575 2036 667 2121 ipsas
696 2037 742 2103 ibi
769 2041 925 2104 accurate
954 2041 1148 2119 tractarem,
1179 2037 1239 2103 sed
1268 2039 1400 2102 tantum

254 2154 293 2216 ut
316 2150 506 2232 delibarem,
531 2155 566 2218 ct
582 2173 624 2218 ex
639 2153 800 2220 lectorum
820 2153 949 2219 iudiciis
967 2153 1174 2219 addiscerem
1190 2173 1255 2234 qua
1270 2152 1400 2219 ratione

255 2269 373 2348 postca
396 2269 509 2332 essent
532 2268 739 2333 tractandae.
787 2269 885 2334 Tanti
909 2269 996 2335 anim
1019 2268 1179 2335 momenti
1203 2267 1292 2332 mihi·
1307 2267 1400 2333 visae

256 2382 344 2461 sunt,
375 2384 413 2448 ut
435 2382 509 2466 plus
531 2389 597 2448 una
619 2382 693 2448 vice
722 2383 763 2448 de
793 2383 874 2467 ipsis
903 2385 1069 2466 agendum
1099 2405 1173 2450 esse
1203 2382 1399 2461 iudicarem;

256 2494 410 2578 viamque
434 2519 554 2580 sequor
577 2498 619 2564 ad
643 2518 702 2563 eas
718 2498 932 2583 explicandas
947 2502 1017 2565 tam
1033 2521 1151 2584 parum
1168 2499 1283 2565 tritam
1301 2503 1401 2581 atque

257 2612 299 2677 ab
323 2632 384 2677 usu
408 2611 664 2678 communitam
688 2616 862 2694 remotam,
886 2617 1011 2681 utnon
1035 2615 1116 2682 utile
1132 2614 1278 2700 putarim
1294 2614 1401 2698 ipsam
1422 2686 1424 2693 ¹

256 2727 292 2793 in
324 2726 442 2808 gallico
476 2729 510 2792 et
543 2728 668 2811 passim
703 2730 744 2795 ab
778 2729 929 2795 omnibus
963 2728 1102 2811 legendo
1139 2731 1263 2815 scripto
1296 2729 1402 2795 fusius

257 2843 386 2923 dooere,
419 2863 461 2908 ne
495 2841 655 2908 debiliora
687 2845 789 2911 etiam
821 2845 956 2928 ingenia
991 2846 1126 2912 credere
1158 2848 1295 2931 possent
1329 2865 1402 2910 eam

257 2957 320 3023 sibi
344 2978 418 3023 esse
446 2935 707 3040 ingrediendam.
754 2962 834 3026 Cum
865 2964 978 3027 autem
1008 2960 1054 3025 ibi
1083 2981 1257 3043 rogassem
1287 2981 1402 3026 omnes

258 3072 375 3154 quibus
399 3072 522 3154 aliquid
551 3073 587 3138 in
616 3076 699 3140 meis
730 3076 864 3161 scriptis
893 3075 1151 3161 reprehensione
1182 3076 1317 3158 dignum
1348 3096 1402 3142 oc-

257 3190 417 3268 curreret,
441 3190 480 3252 ut
503 3187 574 3253 eius
597 3211 651 3255 me
666 3211 800 3256 monere
822 3190 1081 3273 dignarentur,1)
1106 3191 1196 3256 nulla
1210 3192 1245 3256 in
1261 3212 1302 3257 ea
1317 3211 1402 3274 quae

258 3303 299 3370 de
322 3302 375 3368 his
399 3302 649 3385 quaestionibus
672 3305 852 3388 attigeram
876 3310 993 3372 notatu
1022 3306 1124 3389 digna
1153 3305 1284 3374 obiecta
1314 3310 1402 3388 sunt,

258 3422 394 3503 praeter
417 3420 491 3501 duo,
523 3420 565 3484 ad
589 3440 674 3502 quae
697 3421 751 3486 hic
774 3422 899 3506 paucis
928 3423 1119 3508 priusquam
1144 3423 1324 3488 earundem
1348 3444 1402 3489 ac-

258 3534 458 3600 curatiorem
489 3534 744 3619 explicationem
773 3537 962 3620 aggrediar,
993 3539 1209 3623 respondebo,
1257 3538 1403 3604 Primum

258 3653 320 3730 est,
353 3671 395 3716 ex
426 3672 464 3716 eo
495 3650 581 3733 quod
609 3671 703 3716 mens
732 3651 878 3719 humana
907 3654 941 3719 in
973 3674 1009 3718 se
1040 3674 1202 3721 conserva
1232 3675 1299 3720 non
1328 3674 1403 3738 per-

258 3765 361 3851 cipiat
384 3766 473 3832 aliud
496 3788 532 3832 se
556 3787 631 3832 esse
655 3788 753 3849 quam
776 3790 848 3835 rem
871 3769 1085 3851 cogitantem,
1109 3791 1174 3835 non
1198 3769 1303 3852 sequi,
1333 3768 1403 3836 eius

258 3885 413 3948 naturam
441 3882 512 3947 sive
541 3884 704 3947 essentiam
734 3882 769 3948 in
800 3905 838 3950 eo
868 3887 999 3949 tantum
1030 3884 1212 3951 consistere
1243 3885 1329 3967 quod
1360 3884 1404 3949 sit

1324 4022 1405 4030 ——.-

367 4093 389 4162 ¹)
406 4094 457 4149 Dia
477 4094 665 4165 Objektionen.
