3212 4872
262 390 325 453 100
702 385 844 440 Meditatio
863 384 962 438 Tertia.

259 582 409 667 profecto
433 582 462 648 si
485 584 617 648 tantum
640 582 733 648 ideas
757 581 847 666 ipsas
875 586 912 648 ut
941 582 1155 665 cogitationis
1185 605 1280 651 meae
1311 606 1409 668 quos-

260 699 334 764 dam
359 698 474 764 modos
497 697 752 780 considerarem,
777 719 839 764 nee
863 699 905 764 ad
929 698 1108 782 quidquam
1129 699 1219 766 aliud
1235 700 1407 784 referrem,

259 815 317 880 vix
347 814 428 879 mihi
458 814 559 880 ullam
590 816 724 880 errandi
754 815 930 881 materiam
962 816 1042 881 dare
1072 818 1220 899 possent.
1274 818 1327 882 Ex
1357 817 1410 883 his

259 935 371 997 autem
405 930 490 996 ideis
526 930 612 997 aliae
644 930 790 1013 innatae,
824 930 910 996 aliae
945 930 1161 1013 adventitiae,
1195 931 1281 998 aliae
1312 953 1408 999 ame

258 1047 330 1131 ipso
353 1045 466 1112 factae
489 1045 569 1112 mihi
593 1045 817 1128 videnturz²⁰l
841 1066 918 1111 nam
943 1046 1029 1128 quod
1053 1045 1237 1129 intelligam
1262 1048 1340 1130 quid
1364 1049 1410 1114 sit

259 1183 324 1242 res,
349 1161 427 1245 quid
451 1162 496 1228 sit
518 1161 702 1244 veritas,²1)
728 1161 805 1244 quid
830 1161 874 1227 sit
898 1162 1068 1244 cogitatio,
1093 1161 1176 1228 haee
1195 1185 1260 1230 333
1277 1164 1408 1230 aliunde

258 1279 382 1345 habere
406 1278 521 1345 videor
545 1298 643 1360 quam
667 1276 708 1342 ab
733 1277 876 1361 ipsamet
906 1285 981 1343 mea
1011 1280 1146 1357 natura;
1179 1280 1264 1361 quod
1295 1283 1407 1346 autem

259 1416 345 1460 nuno
377 1393 554 1478 strepitum
584 1392 727 1474 audiam,
759 1393 862 1459 solem
886 1393 1028 1475 videam,
1060 1393 1172 1476 ignem
1203 1395 1356 1477 sentiam,
1388 1416 1409 1461 3

258 1510 358 1576 rebus
396 1509 591 1592 quibusdam
635 1513 733 1575 extra
770 1531 823 1575 me
861 1509 980 1594 positis
1022 1510 1202 1594 procedere
1244 1511 1408 1577 haetenus

258 1625 418 1704 iudicavi3
454 1646 493 1690 33
527 1623 667 1708 denique
699 1626 858 1708 Syrenas„
898 1626 1183 1710 Hyppogryphes,
1220 1630 1255 1692 et
1286 1626 1408 1692 similia

259 1763 279 1807 a
309 1763 362 1807 me
393 1741 465 1826 ipso
495 1743 732 1824 fingunturz²²l
762 1742 816 1807 vel
847 1740 935 1807 forte
965 1742 1068 1807 311313
1098 1763 1213 1809 313333
1244 1763 1317 1808 3333
1349 1743 1408 1808 ad-

258 1857 419 1924 ventitias
457 1879 590 1942 possum
626 1859 755 1942 putare,
794 1856 848 1922 vel
882 1879 997 1924 omnes
1030 1858 1175 1940 innatae,
1208 1860 1261 1925 vel
1294 1880 1409 1924 omnes

257 1973 377 2054 factas,
411 1974 555 2039 nondum
589 1973 676 2038 enim
711 1993 826 2063 veram
859 1972 990 2038 illarum
1020 1973 1182 2057 originem
1213 1975 1302 2041 clare
1331 1995 1408 2060 per-

258 2089 411 2174 spexi.²³)
458 2089 523 2154 Sed
553 2088 607 2153 hie
635 2088 813 2172 praecipue
843 2089 884 2153 de
913 2088 955 2153 iis
986 2092 1039 2155 331
1069 2091 1293 2171 quaerendum
1324 2112 1408 2173 quas

258 2209 417 2288 tanquam
447 2226 468 2270 a
497 2204 597 2271 rebus
627 2207 725 2270 extra
757 2225 810 2270 me
845 2205 1068 2270 existentibus
1104 2206 1296 2291 desumptas
1329 2227 1406 2273 333-

258 2321 378 2402 sidero,
404 2341 567 2403 quaenam
591 2341 643 2385 me
667 2325 801 2387 moveat
824 2321 910 2386 ratio
931 2321 1058 2386 3111133
1074 2321 1150 2387 istis
1166 2323 1265 2388 rebus
1282 2322 1407 2388 similes

260 2457 334 2502 esse
363 2435 565 2503 existimem:
598 2458 716 2521 nempe
748 2437 797 2502 113
820 2437 936 2503 videor
967 2438 1083 2503 doetus
1114 2458 1134 2503 a
1163 2438 1341 2522 naturast)
1359 2415 1409 2504 'et

258 2555 435 2636 praeterea
464 2552 627 2636 experior,
659 2553 733 2618 illas
757 2574 822 2619 nou
846 2574 866 2618 3
890 2560 964 2618 mea
988 2552 1160 2619 voluntate
1185 2575 1246 2619 nee
1269 2553 1407 2638 proinde

258 2690 278 2734 3
301 2690 355 2734 me
377 2663 450 2752 ipso
474 2669 629 2753 pendere,
654 2690 754 2754 saepe
778 2669 865 2736 enim
889 2669 943 2735 vel
970 2669 1076 2735 invito
1107 2669 1338 2751 obversantur,
1369 2671 1407 2735 ut

257 2785 323 2850 iam
353 2785 424 2850 sive
448 2784 558 2865 velim,
590 2785 661 2850 sive
692 2785 802 2866 nolim,
834 2785 942 2851 sentio
973 2787 1127 2867 calorem,
1158 2787 1193 2850 et
1222 2785 1296 2851 ideo
1326 2788 1406 2870 puto

258 2922 391 2966 sensum
424 2900 525 2980 illum,
559 2899 631 2965 sive
661 2899 769 2966 ideam
805 2900 924 2966 caloris
932 2899 974 2984 ²⁶)
1009 2921 1029 2965 3
1059 2921 1095 2966 13
1129 2920 1150 2965 3
1179 2922 1232 2966 133
1264 2900 1406 2981 diverse,

257 3037 376 3101 nempe
400 3016 442 3082 ab
465 3015 554 3098 ignis
578 3015 629 3080 eui
654 3015 795 3096 assideo,
828 3016 936 3082 calore
961 3014 1042 3080 mihi
1066 3015 1235 3096 advenire,
1260 3015 1406 3098 nihilque

364 3239 408 3305 ²⁰)
427 3237 513 3292 Unter
538 3237 649 3303 ,Idee“
674 3237 798 3291 versteht
823 3237 856 3290 D.
883 3236 941 3290 hier
968 3236 1045 3290 nicht
1072 3237 1149 3291 mehr
1172 3238 1214 3291 die
1240 3237 1406 3304 Allgemein·

256 3327 435 3393 vorstellung
455 3325 570 3379 sondern
589 3326 641 3380 den
653 3325 912 3380 Bewusstseinsakt.
940 3325 991 3379 Die
1010 3325 1184 3394 Einthoilung
1203 3327 1251 3380 der
1268 3326 1351 3379 Ideen
1369 3325 1406 3378 ist

257 3416 352 3469 nudem
372 3415 452 3468 keine
471 3431 583 3482 geuene,
607 3414 650 3468 die
669 3415 748 3469 dritte
768 3415 866 3482 Klasse
884 3432 960 3468 muss
979 3415 1007 3468 in
1022 3414 1143 3482 Wegfall
1161 3415 1297 3469 kommen.
1392 3457 1396 3463 .

365 3505 400 3570 Ὴ1
419 3504 452 3556 Ι).
465 3503 552 3557 113331
570 3521 623 3557 von
642 3504 730 3557 seiner
742 3505 827 3558 Natur
843 3503 935 3558 bisher
947 3522 997 3558 nur
1010 3504 1059 3558 das
1075 3504 1187 3572 ,cogito
1205 3505 1292 3568 sum“,
1311 3502 1405 3578 irgend

257 3593 301 3646 ein
321 3592 426 3648 Urtheil
452 3591 518 3646 tiber
542 3594 615 3658 ,res¹‘
641 3593 704 3646 oder
729 3593 859 3658 ,veritas“
885 3594 923 3648 ist
948 3592 1018 3647 ohne
1037 3594 1080 3648 die
1099 3592 1241 3647 Annshme
1267 3593 1341 3645 eines
1360 3608 1405 3658 go·

257 3682 379 3750 gebenen
399 3681 531 3752 Objaktes
549 3680 625 3735 nicht
643 3684 782 3749 gestattet.

365 3772 400 3837 ²²)
423 3771 473 3825 Die
497 3775 652 3838 genennten
674 3771 807 3840 Beispiele
832 3770 950 3839 geheren
972 3789 1005 3824 zu
1028 3772 1081 3824 den
1103 3769 1404 3836 π1113333111331111331,

257 3861 308 3914 wie
328 3860 386 3914 dies
405 3861 474 3914 auoh
493 3860 520 3914 13
539 3860 587 3914 der
604 3863 694 3913 ersten
712 3861 871 3915 Meditation
889 3861 1018 3929 (pictores
1035 3860 1088 3928 ipsi
1106 3877 1168 3913 oum
1187 3858 1295 3913 Sirenas
1314 3862 1342 3912 et
1360 3858 1406 3912 Sa-

256 3950 374 4020 11113333
392 3950 511 4003 maxime
528 3949 666 4003 inusitatis
680 3949 775 4003 formis
789 3949 890 4016 fingere
908 3950 1026 4013 student,
1040 3949 1226 4004 tantummodo
1239 3948 1406 4002 diversorum

256 4038 414 4092 animalium
432 4039 553 4093 membra
571 4039 736 4108 permiscent
753 4056 778 4106 p.
790 4039 834 4104 56)
854 4038 1018 4105 angedeutet
1035 4039 1109 4092 wird.

365 4127 400 4188 ²⁸)
420 4126 457 4181 Es
469 4126 561 4181 wdrde
574 4146 608 4182 an
621 4128 711 4182 dieser
723 4126 807 4182 Stelle
820 4145 853 4181 zu
865 4126 1008 4195 sohwierig
1020 4127 1087 4193 sein,
1106 4127 1167 4189 dies¹
1176 4145 1209 4180 zu
1222 4125 1405 4181 entsoheiden.
