3188 4876
227 355 270 418 42
485 350 615 420 synopsis
634 351 687 404 Sex
707 349 882 417 Sequentium
901 351 1114 404 Meditationum.

229 547 381 613 dubitare
419 549 541 630 potest,
581 546 820 612 animadvertit
857 546 928 612 fieri
962 568 1028 612 non
1060 569 1158 630 posse
1192 547 1271 630 quin
1303 548 1377 632 ipsa

227 662 362 728 interim
378 661 513 728 existat.
554 662 646 740 Quod
663 661 765 727 etiam
782 683 930 728 summae
954 666 1006 728 est
1030 663 1196 744 utilitatis,
1221 665 1375 746 quoniam

227 778 290 843 hoo
322 780 420 861 paoto
454 777 552 843 facile
586 777 761 858 distinguit
794 798 956 859 quaenam
993 779 1036 842 ad
1070 800 1117 859 se,
1150 779 1213 845 hoo
1249 783 1301 845 est
1334 781 1376 845 ad

228 895 381 958 naturam
406 893 675 973 intellectualem,
708 896 742 958 et
766 914 929 975 quaenam
960 894 1002 959 ad
1026 915 1145 978 eorpus
1174 894 1374 979 pertineant.

228 1009 292 1074 Sed
316 1008 394 1090 quia
417 1007 505 1073 forte
534 1007 681 1072 nonnulli
712 1007 860 1073 rationes
892 1009 932 1074 de
963 1009 1094 1074 animae
1124 1009 1376 1076 immortalitate

228 1124 283 1189 illo
306 1123 341 1187 in
364 1123 435 1188 loco
460 1124 685 1206 expectabunt
708 1143 765 1188 eos
785 1123 839 1188 hio
855 1124 1036 1190 monendos
1054 1128 1135 1208 puto
1152 1146 1204 1190 me
1220 1128 1374 1193 oouatum

228 1259 302 1304 esse
325 1238 406 1304 nihil
430 1238 576 1304 seribere
600 1239 686 1320 quod
710 1260 775 1304 non
799 1241 954 1304 accurate
979 1239 1257 1319 demonstrarem
1286 1240 1377 1306 ideo·

229 1375 292 1437 que
315 1376 381 1420 non
405 1353 505 1419 alium
530 1338 678 1419 ordinem
703 1353 795 1435 sequi
819 1353 967 1437 potuisse
991 1374 1090 1435 quam
1118 1353 1209 1418 illum
1239 1354 1294 1437 qui
1324 1359 1377 1420 est

228 1471 315 1553 apud
349 1470 543 1536 Geometras
576 1469 730 1549 usitatus,
764 1473 802 1535 ut
832 1464 950 1552 nempe
985 1469 1095 1534 omnia
1125 1469 1375 1552 praemitterem

229 1584 414 1667 exquibus
438 1584 590 1667 quaesita
613 1583 795 1668 propositio
820 1584 994 1668 dependet,
1009 1671 1011 1675 ι
1027 1588 1204 1667 antequam
1235 1586 1275 1650 de
1303 1586 1376 1669 ipsa

229 1700 407 1782 quidquam
447 1700 685 1766 concluderem.
749 1699 895 1764 Primum
934 1703 1047 1764 autem
1086 1703 1121 1765 et
1162 1699 1375 1785 praecipuum

228 1815 315 1898 quod
327 1815 590 1899 praerequiritur
602 1815 644 1880 ad
661 1815 924 1896 cognoscendam
942 1815 1073 1880 animae
1089 1815 1375 1882 immortalitatem

228 1951 302 1996 esse
325 1934 363 1996 ut
386 1951 485 2013 quam
509 1931 653 1996 maxime
677 1930 885 2014 perspicuum
911 1931 951 1996 de
976 1937 1016 1996 ee
1039 1935 1245 2015 conceptum,
1276 1936 1311 1997 et
1334 1933 1375 1997 ab

230 2046 318 2111 omni
342 2049 504 2129 ooneeptu
535 2045 682 2130 eorporis
712 2046 810 2129 plane
841 2046 1034 2112 distinctum
1063 2046 1258 2127 formemus;
1290 2050 1375 2131 quod

228 2161 274 2226 ibi
303 2162 430 2227 faotum
461 2165 527 2228 est:
559 2163 740 2226 Praeterea
770 2183 850 2227 vero
881 2161 1005 2244 requiri
1035 2161 1137 2228 etiam
1168 2166 1205 2228 ut
1233 2165 1376 2230 sciamus

233 2298 274 2342 ea
297 2277 408 2343 omnia
431 2297 515 2359 quae
540 2277 628 2342 olere
652 2280 687 2342 et
707 2276 864 2344 distinete
886 2273 1113 2360 intelligimus,
1138 2300 1177 2344 eo
1193 2278 1265 2363 ipso
1281 2281 1377 2346 modo

230 2414 294 2475 quo
318 2393 374 2458 illa
396 2392 622 2474 intelligimus,
654 2414 727 2458 esse
758 2415 852 2459 vera:
885 2395 971 2476 quod
995 2397 1073 2459 ante
1097 2398 1250 2476 quartam
1273 2395 1377 2461 medi-

228 2508 391 2574 tationem
414 2508 548 2592 probari
572 2529 637 2573 non
660 2508 784 2591 potuit;
816 2513 850 2574 et
873 2509 1061 2575 habendum
1085 2531 1159 2576 esse
1184 2510 1376 2576 distinctum

229 2626 369 2690 naturae
400 2645 578 2707 corporeae
603 2627 808 2709 conceptum,
840 2625 896 2708 qui
919 2625 1041 2709 partim
1066 2625 1100 2690 in
1124 2625 1197 2710 ipse
1221 2627 1375 2706 secunda,

229 2739 351 2824 partim
383 2739 485 2805 etiam
515 2740 549 2806 in
573 2740 689 2823 quinta
719 2743 753 2807 et
784 2744 882 2807 sexta
911 2741 1089 2821 formatum
1121 2745 1221 2824 atque
1252 2763 1295 2806 ex
1324 2741 1377 2806 his

230 2856 351 2920 debere
384 2856 533 2921 concludi
564 2877 604 2921 ea
634 2857 744 2922 omnia
777 2877 861 2938 quae
892 2857 980 2922 clare
1012 2859 1045 2922 et
1079 2857 1235 2922 distinete
1268 2857 1376 2922 conoi-

229 2970 365 3054 piuntur
394 2974 432 3036 ut
462 2971 670 3038 substantiae
702 2971 864 3052 diversae,
896 2972 994 3037 siouti
1024 2971 1253 3055 concipiuntur
1283 2993 1376 3036 mens

230 3089 264 3152 et
288 3108 416 3170 corpus,
442 3108 515 3152 esse
538 3108 658 3153 revera
681 3087 887 3152 substantias
914 3087 1051 3152 realiter
1079 3107 1159 3152 ase
1182 3091 1296 3153 mutuo
1328 3086 1376 3151 di-

230 3202 386 3280 stinctam
414 3202 542 3284 hocque
569 3203 605 3267 in
628 3206 726 3268 sexta
749 3202 912 3268 concludi:
944 3202 1097 3284 idemque
1121 3203 1222 3268 etiam
1246 3203 1280 3267 in
1303 3202 1377 3285 ipsa

230 3319 427 3398 confirmari,
452 3341 495 3384 ex
519 3341 557 3385 eo
582 3320 668 3401 quod
692 3319 815 3384 nullum
837 3339 956 3401 eorpus
980 3317 1043 3382 nisi
1068 3317 1231 3383 divisibile
1255 3316 1377 3383 intelli-

229 3453 362 3514 gamus:
399 3436 514 3499 eontra
547 3437 659 3499 autem
691 3433 813 3498 nullam
849 3435 994 3498 mentem
1030 3432 1094 3498 nisi
1126 3433 1375 3498 indivisibilem:

229 3570 336 3631 neque
362 3549 450 3615 enim
479 3570 654 3633 possumus
685 3548 782 3613 ullius
812 3548 934 3614 mentis
964 3549 1107 3614 mediam
1137 3552 1268 3633 partem
1299 3570 1377 3615 con·

230 3665 351 3748 cipere,
376 3667 414 3730 ut
436 3687 611 3749 possumus
634 3665 809 3730 cuiuslibet
832 3664 1045 3746 quantumvis
1071 3665 1183 3746 exigui
1214 3664 1376 3748 eorporis;

192 3785 195 3791 ”
230 3781 312 3846 adeo
346 3784 383 3846 ut
416 3802 529 3846 eorum
565 3784 705 3846 naturae
738 3801 804 3845 non
842 3781 938 3845 modo
979 3780 1140 3860 diversae,
1180 3781 1240 3846 sed
1275 3779 1376 3845 etiarn

207 3897 470 3978 quodammodo
498 3896 686 3962 contrariae
710 3898 943 3977 agnoscantur.
990 3895 1067 3961 Non
1095 3898 1206 3961 autem
1238 3894 1377 3961 ulterius

230 4019 270 4076 ea
293 4013 333 4076 de
356 4032 393 4077 re
418 4011 452 4076 in
475 4011 537 4078 hoo
561 4011 685 4095 scripto
709 4033 762 4076 me
779 4011 903 4092 egisse3
928 4014 999 4076 tum
1016 4011 1093 4094 quia
1109 4011 1192 4077 haec
1208 4011 1378 4077 sufficiunt
