3212 4872
268 382 309 446 62
713 373 853 428 Meditatio
871 373 969 426 Prima.

267 574 383 657 quales
406 575 485 639 sunt
506 592 637 651 revera,
661 591 780 654 nempe
804 568 912 652 aliquo
937 568 1070 651 quidem
1093 567 1190 634 modo
1221 567 1347 648 dubias,
1379 573 1417 634 ut

267 690 403 756 iamiam
427 693 596 755 ostensum
621 689 683 767 est,
715 686 773 752 sed
797 684 1010 751 nihilominus
1033 683 1130 749 valde
1153 683 1352 768 probabiles
1382 688 1416 749 et

268 827 351 890 quas
375 804 477 870 multo
502 802 610 885 magis
633 801 756 868 rationi
786 805 1045 867 consentaneum
1076 799 1121 866 sit
1150 800 1286 866 credere
1317 821 1414 882 quam

269 941 404 1004 negare.
444 921 661 1004 Quapropter,
686 920 724 983 ut
739 916 864 1002 opinor,
889 938 954 982 non
971 915 1056 981 male
1073 936 1182 1000 agam,
1199 916 1227 981 si
1243 916 1415 981 voluntate

268 1037 366 1122 plane
389 1036 424 1101 in
449 1033 651 1102 contrarium
681 1040 780 1099 versa
809 1053 862 1097 me
893 1031 1000 1117 ipsum
1032 1031 1155 1112 fallam,
1186 1029 1325 1114 illasque
1356 1031 1415 1096 ali-

268 1151 425 1237 quamdiu
449 1149 582 1216 omnino
606 1149 719 1230 falsas,
743 1148 1032 1231 imaginariasque·
1049 1169 1124 1214 esse
1147 1149 1281 1230 fingam,
1313 1147 1415 1214 donec

269 1267 404 1334 tandem
434 1267 525 1332 velut
555 1264 706 1347 aequatis
735 1265 902 1346 utrimque
932 1263 1187 1348 preiudiciorum
1216 1263 1416 1347 ponderibus

269 1384 359 1450 nulla
392 1382 532 1466 amplius
565 1401 670 1466 prava
701 1380 903 1446 consuetudo
935 1379 1092 1444 iudicium
1127 1400 1234 1444 meum
1272 1399 1292 1444 a
1324 1383 1416 1445 reeta

269 1520 379 1566 rerum
404 1497 617 1583 perceptione
642 1496 847 1578 detorqueat.
887 1495 1020 1561 Etenim
1037 1495 1105 1561 scio
1126 1495 1207 1560 nihil
1229 1495 1306 1562 inde
1328 1495 1424 1579 peri-J

270 1615 344 1694 culi,
380 1615 432 1680 vel
467 1612 589 1679 erroris
621 1611 755 1678 interim
790 1615 1017 1694 sequuturum,
1051 1615 1085 1677 et
1119 1634 1172 1677 me
1203 1613 1277 1696 plus
1312 1633 1416 1694 aequo

270 1729 476 1796 diffidentiae
504 1728 676 1810 indulgere
705 1749 770 1793 non
800 1748 907 1811 posse,
940 1727 1204 1810 quandoquidem
1235 1749 1321 1793 nunc
1352 1749 1418 1793 non

270 1847 370 1911 rebus
398 1844 547 1928 agendis
577 1844 635 1909 sed
659 1843 897 1926 cognoscendis
920 1846 1052 1909 tantum
1075 1844 1287 1927 incumbofl)
1334 1845 1418 1928 Sup-

270 1981 392 2046 ponam
426 1961 529 2043 igitur
562 1981 628 2025 non
660 1958 820 2044 optimum
855 1960 961 2024 Deum
994 1959 1121 2026 fontem
1154 1960 1323 2040 veritatis,
1359 1960 1418 2025 sed

271 2077 404 2160 genium
429 2075 571 2158 aliquem
595 2074 827 2157 malignum28)
859 2075 1064 2158 eundemque
1088 2096 1215 2141 summe
1245 2078 1416 2160 potentem

156 2219 160 2224 ·
271 2195 307 2258 et
330 2192 493 2271 callidum,
523 2211 653 2255 omnem
684 2211 777 2254 suam
809 2190 1007 2256 industriam
1037 2191 1072 2256 in
1102 2212 1141 2256 eo
1170 2191 1348 2275 promisse,
1381 2195 1417 2254 ut

271 2329 324 2373 me
347 2307 492 2372 falleret:
516 2307 640 2390 putabo
664 2306 801 2387 eoelum,
822 2313 944 2388 adrem,
961 2312 1096 2389 terram,
1121 2309 1258 2389 colores,
1281 2309 1416 2390 figurae,

271 2444 380 2503 sonos,
404 2425 587 2503 cunctaque
611 2424 752 2487 externa
770 2421 851 2486 nihil
868 2422 956 2488 aliud
973 2445 1046 2489 esse
1063 2444 1162 2506 quarn
1177 2423 1418 2490 ludificationes

272 2537 484 2617 somniorum,
518 2536 635 2618 quibus
658 2536 796 2602 insidias
821 2538 1010 2604 credulitati
1033 2560 1128 2605 meae
1152 2539 1309 2605 tetendit:
1341 2561 1419 2604 con-

273 2653 425 2718 siderabo
461 2673 514 2718 me
546 2651 654 2736 ipsum
686 2655 846 2734 tanquam
881 2639 999 2719 manus
1031 2676 1096 2721 non
1130 2655 1320 2735 habentem,
1353 2676 1419 2720 non

273 2769 394 2849 oculos,
425 2790 490 2834 non
515 2788 658 2847 carnem,
691 2790 755 2834 non
780 2767 986 2851 sanguinem,
1018 2791 1083 2836 non
1108 2770 1249 2852 aliquem
1274 2792 1417 2848 sensum,

273 2884 333 2950 sed
355 2885 439 2950 haee
470 2883 580 2951 omnia
607 2904 660 2948 me
683 2883 807 2950 habere
837 2885 923 2951 falso
953 2885 1159 2970 opinantem:
1191 2887 1331 2953 manebo
1361 2887 1420 2951 ob·
1505 2956 1509 2960 ,

273 3000 398 3067 stinate
421 3000 456 3064 in
478 3000 543 3065 hac
566 3000 783 3066 meditatione
807 3001 935 3066 defixus
959 3004 1059 3083 atque
1082 3001 1131 3066 ita
1161 3001 1323 3083 siquidem
1353 3023 1419 3066 non

273 3115 308 3181 in
330 3119 443 3200 potest
465 3119 499 3181 te
523 3122 598 3180 med
621 3115 666 3180 sit
689 3115 812 3197 aliquid
835 3116 906 3182 veri
937 3137 1147 3198 cognoscere,
1180 3121 1216 3182 at
1244 3121 1334 3182 certe
1357 3116 1420 3181 hoc

274 3231 361 3313 quod
384 3231 417 3296 in
443 3251 495 3296 me
519 3235 572 3296 est
595 3252 636 3296 ne
659 3231 754 3297 falsis
778 3232 954 3312 assentiar,
979 3253 1039 3297 nec
1065 3232 1144 3297 mihi
1161 3232 1338 3314 quidquam
1355 3232 1420 3297 iste

275 3346 442 3430 deceptor,
478 3347 691 3428 quantumvis
728 3351 856 3431 potone,
890 3348 1103 3429 quantumvis
1136 3349 1282 3430 callidus,
1315 3348 1422 3433 possit

383 3559 418 3624 ²⁷)
437 3557 479 3611 D!
497 3558 551 3612 Ziel
569 3558 606 3612 ist
624 3558 789 3613 Gewissheit
807 3560 853 3614 der
871 3560 1106 3624 Erlrenntniss3
1131 3577 1194 3612 man
1212 3558 1328 3627 begreift
1346 3558 1422 3612 nicht

275 3645 359 3710 recht,
379 3645 430 3699 wie
446 3646 578 3701 Hobbes
601 3649 654 3701 den
671 3648 799 3703 Vorwurf
819 3650 1000 3719 ausspreohen
1019 3650 1129 3712 honnte,
1151 3666 1182 3702 es
1199 3647 1299 3702 handle
1318 3647 1376 3702 sich
1394 3647 1422 3701 in

275 3736 323 3789 der
341 3737 432 3789 ersten
448 3735 609 3790 Meditatien
626 3755 672 3790 um
691 3738 751 3792 eine
767 3739 969 3809 Reprodulrtion
988 3737 1035 3791 des
1053 3735 1166 3791 antiken
1182 3737 1385 3806 Skeptizismus.

384 3825 418 3893 ²⁸)
440 3824 491 3878 Die
513 3824 682 3894 Einffihrung
704 3827 778 3881 eines
797 3827 929 3895 ,genius
951 3826 1131 3894 malignus“
1154 3826 1191 3880 ist
1213 3825 1274 3880 dem
1297 3825 1423 3879 damone·

275 3913 415 3982 logischen
424 3913 614 3982 Aberglauben
634 3915 682 3970 des
697 3917 737 3971 17.
747 3917 765 3969 J
766 3916 952 3982 ahrhunderts,
962 3918 990 3970 in
999 3916 1132 3970 welchem
1144 3916 1187 3969 die
1200 3915 1425 3984 Hexenprozesse

275 4003 402 4068 florirten,
423 4004 552 4058 conform.
583 4004 635 4058 Um
654 4005 724 4060 auch
743 4006 796 4059 den
814 4005 911 4060 Schein
930 4005 1004 4060 einer
1019 4005 1192 4075 Blasphemie
1209 4021 1242 4058 zu
1259 4005 1423 4069 vermeiden,

276 4091 343 4146 wird
362 4092 405 4146 die
424 4092 495 4147 ante
514 4094 568 4146 und
588 4093 821 4161 Wahrhaftiglreit
839 4094 936 4149 Gottes
953 4095 1100 4150 besenders
1118 4093 1347 4162 hervorgehoben.
1373 4093 1425 4146 Die
