3212 4872
277 398 340 464 1³4
719 395 859 448 Meditatio
877 393 975 476 (sertia.

275 593 324 659 ita
352 595 457 659 Deum
491 614 580 673 esse3
613 595 750 675 totaque
783 591 834 656 vis
866 590 1054 674 argumenti
1089 589 1124 655 in
1159 611 1197 656 eo
1233 593 1295 672 est,
1335 592 1421 674 quod

277 729 455 792 agnoscam
478 708 550 774 fieri
573 731 638 774 non
666 729 764 793 posse
794 711 831 774 ut
862 707 1006 773 existam
1036 706 1114 772 talis
1144 709 1285 772 naturae
1315 707 1421 789 qualis

277 847 359 906 sum,
392 845 509 910 nempe
538 823 648 890 ideam
679 823 740 890 Dei
770 822 806 888 in
835 845 887 889 me
917 822 1054 903 habens,
1087 822 1151 888 nisi
1181 843 1302 889 revera
1331 824 1421 890 Deus

243 933 245 936 ’
277 941 378 1007 etiam
402 940 574 1020 existeret,
599 941 689 1005 Deus
716 939 851 1022 inquam
878 939 933 1004 ille
962 939 1049 1005 idem
1082 938 1173 1004 cuius
1203 938 1280 1004 idea
1309 938 1345 1004 in
1368 961 1420 1006 me

277 1060 339 1138 est,
363 1055 425 1122 hoc
449 1059 501 1122 est
523 1055 651 1121 habens
674 1075 788 1120 omnes
811 1054 885 1120 illas
908 1054 1131 1139 perfectiones
1156 1053 1252 1137 (quas
1269 1075 1331 1137 ego
1356 1078 1421 1122 non

278 1160 567 1257 comprehendere,
599 1171 658 1237 sed
687 1192 880 1253 quocunque
908 1171 1004 1236 modo
1029 1169 1196 1252 attingere
1220 1170 1421 1253 cogitatione

277 1288 436 1373 possum)
471 1290 505 1353 et
535 1286 633 1353 nullis
664 1287 762 1371 plane
791 1286 975 1352 defectibus
1006 1285 1177 1352 obnoxius,
1224 1286 1276 1351 Ex
1305 1287 1422 1370 quibus

278 1403 362 1471 satis
384 1406 479 1488 patet
500 1402 591 1468 illum
614 1402 767 1468 fallacem
796 1423 958 1468 essenon
988 1401 1144 1486 posse,⁹4)
1174 1423 1303 1468 omnem
1335 1403 1421 1468 enim

278 1519 429 1585 fraudem
461 1521 495 1584 et
523 1517 751 1603 deceptionem
779 1539 800 1583 a
824 1517 956 1584 defectu
987 1517 1095 1600 aliquo
1126 1517 1270 1601 pendere
1300 1519 1422 1585 lumine

279 1635 423 1701 naturali
456 1634 670 1700 manifestum
704 1637 765 1700 est.
820 1634 885 1700 Sed
916 1633 1108 1718 priusquam
1139 1633 1202 1700 hoc
1233 1633 1422 1717 diligentius

279 1751 476 1832 examinem,
511 1751 672 1833 simulque
706 1749 741 1814 in
773 1749 856 1815 alias
891 1749 1054 1815 veritates
1087 1770 1172 1832 quae
1205 1749 1283 1818 inde
1314 1751 1423 1834 colligi

278 1864 468 1952 possunt⁹⁶l
502 1865 677 1949 inquiram,
712 1867 822 1950 placet
856 1865 910 1930 hic
941 1864 1130 1947 aliquandiu
1163 1865 1197 1931 in
1224 1867 1331 1954 'ipsius
1361 1868 1422 1934 Dei

280 1981 558 2067 contemplatione
600 1980 783 2062 immorari,
828 1980 899 2047 eius
942 1981 1107 2047 attributa
1149 1983 1236 2066 apud
1273 2005 1327 2049 me
1365 2005 1423 2051 ex-

279 2097 482 2182 pendere,⁹⁶)
507 2100 542 2162 et
564 2096 717 2162 immensi
740 2096 838 2162 huius
859 2097 991 2162 luminis
1006 2097 1295 2181 pulchritudinem,
1320 2121 1423 2183 quan-

279 2217 350 2279 tum
389 2213 566 2296 caligantis
603 2212 729 2295 ingenii
767 2213 832 2279 mei
871 2213 960 2280 acies
998 2213 1086 2280 ferre
1121 2215 1255 2298 poterit,
1290 2215 1423 2298 intueri,

280 2329 448 2410 admirari,
473 2330 622 2394 adorare.
661 2329 709 2394 Ut
732 2328 819 2394 enim
842 2329 878 2394 in
900 2328 964 2395 hac
987 2329 1058 2394 sola
1082 2329 1214 2397 divinae
1237 2331 1424 2398 maiestatis

279 2445 557 2530 contemplatione
592 2465 754 2510 summam
790 2445 928 2510 alterius
962 2445 1053 2511 vitae
1092 2445 1307 2513 foelicitatem
1346 2469 1424 2514 cen-

279 2561 399 2627 sistere
426 2561 491 2626 fide
522 2560 695 2642 credimus,
726 2561 775 2626 ita
799 2561 900 2626 etiam
923 2560 990 2626 iam
1014 2583 1057 2626 ex
1080 2562 1196 2628 eadem
1219 2563 1298 2629 licet
1320 2565 1423 2630 multo

279 2677 387 2743 minus
410 2677 561 2763 perfecta
583 2677 774 2758 maximam,
799 2676 892 2742 cuius
914 2677 949 2741 in
972 2676 1035 2742 hac
1051 2677 1123 2742 vita
1146 2698 1286 2762 capaces
1310 2679 1422 2761 simus„

280 2794 485 2877 voluptatem
508 2791 634 2878 percipi
656 2813 754 2877 posse
778 2792 978 2877 experimur.

388 2979 422 3046 ⁹⁴)
441 2977 603 3046 Uebergang
621 2996 668 3032 zur
684 2977 830 3046 folgenden
848 2978 1015 3033 Meditation.

388 3067 423 3138 ⁹⁵)
442 3068 499 3122 Das
518 3085 572 3121 von
590 3067 657 3122 Gott
676 3067 814 3136 gegebene
836 3067 1006 3135 untru'gliche
1029 3067 1135 3134 ,lumen
1153 3068 1292 3123 natural&
1314 3087 1425 3138 vermag

280 3157 349 3211 euch
368 3157 466 3212 andere
479 3155 664 3222 Wahrheiten,
684 3156 725 3210 als
743 3157 786 3210 die
806 3156 1006 3222 entwickelten,
1025 3175 1058 3211 zu
1077 3157 1236 3212 entdecken.

388 3245 423 3314 ⁹⁵)
441 3245 492 3299 Die
514 3245 683 3312 Streitfrage,
709 3245 736 3298 in
759 3245 878 3299 welcher
895 3245 989 3298 Weise
1014 3246 1063 3299 das
1089 3246 1195 3311 ,lumen
1219 3248 1357 3301 naturale¹‘
1382 3248 1424 3302 die

280 3333 452 3388 Attribute
465 3333 561 3388 Gottes
574 3333 700 3399 erkenne,
716 3334 749 3388 ob
761 3335 900 3389 dieselben
916 3334 1117 3400 ,distinctiones
1133 3353 1223 3390 merae
1241 3336 1352 3391 rationis
1370 3337 1387 3392 i.
1401 3356 1424 3392 e.

280 3422 480 3478 ratiocinantis“
496 3423 561 3476 oder
576 3423 777 3488 ,distinctiones
789 3423 901 3478 rationis
913 3423 1087 3478 ratiocinatae
1107 3425 1124 3478 i.
1134 3442 1157 3478 e.
1171 3441 1232 3478 cum
1249 3425 1425 3481 fundamento

280 3512 308 3565 in
325 3513 370 3565 re²
391 3510 474 3577 scien,
492 3510 541 3565 hat
558 3512 591 3566 D.
610 3513 661 3567 mit
679 3513 766 3568 einem
784 3513 916 3568 frommen
935 3514 1133 3568 Sohlussworte
1151 3531 1313 3582 umgangen.

480 3662 653 3732 Allgemeine
671 3663 855 3734 Anmerkung
872 3679 921 3720 zur
938 3664 1042 3720 dntteu
1060 3664 1229 3721 Meditation.

387 3778 437 3832 Die
456 3779 724 3848 Einwendungen
746 3798 834 3849 gegen
856 3781 899 3835 die
921 3781 1003 3835 dritte
1021 3780 1180 3836 Meditation
1204 3782 1265 3836 sind
1288 3782 1331 3836 die
1354 3783 1425 3838 zahl·

166 3901 167 3905 =
237 3915 239 3918 ,
280 3869 423 3924 reichsten.
447 3869 587 3924 Caterus
604 3870 692 3924 tadelt
704 3869 756 3923 den
765 3870 920 3924 Ausdmck:
938 3887 1014 3936 ,esse
1028 3869 1161 3941 objectiva
1173 3871 1201 3924 in
1213 3870 1368 3926 intellectu“
1384 3872 1426 3926 als

284 3975 365 4027 ,pura
378 3957 584 4012 denominatio“.
603 3958 699 4013 Nichts
711 3959 819 4012 hindert
831 3959 873 4013 die
883 3959 1034 4024 Annahme,
1045 3959 1089 4014 ich
1101 3960 1141 4013 sei
1153 3959 1240 4014 selbst
1250 3959 1297 4014 der
1307 3960 1427 4015 Urheber

282 4047 349 4102 aller
367 4048 470 4100 meiner
486 4047 577 4113 Ideen,
602 4048 700 4102 mithin
718 4048 792 4102 kann
810 4049 869 4102 sich
883 4048 968 4102 keine
988 4049 1115 4104 darunter
1133 4049 1268 4114 befinden,
1293 4050 1336 4103 die
1353 4050 1426 4104 mich

282 4153 316 4188 en
329 4134 448 4190 Rcalittt
466 4135 607 4190 libertrifft.
632 4137 682 4190 Die
698 4136 823 4203 ,realitas
836 4135 985 4208 objectus
1001 4138 1050 4194 hat
1068 4138 1110 4194 als
1129 4155 1177 4194 ens
1196 4138 1308 4193 rationis
1321 4139 1426 4205 Warth,
