3188 4876
193 435 211 445 ⁸
252 426 293 488 22
649 418 723 472 Brief
739 435 774 473 an
793 418 836 471 die
855 417 1000 472 sorbonne.

251 617 409 698 rationes,
438 636 523 698 quae
548 615 591 680 ad
614 615 730 681 eadem
753 613 925 698 probanda
949 612 1042 678 afferi
1066 617 1213 697 possent,
1243 614 1398 697 colligere

252 736 390 799 conatus
422 729 535 814 sim:⁷)
570 731 687 812 Neque
721 729 809 795 enim
841 729 904 794 hoc
936 729 1069 795 videtur
1100 749 1221 814 operae
1255 731 1399 814 pretium

252 868 335 928 esse,
360 846 424 912 nisi
446 846 503 911 ubi
526 846 616 910 nulla
639 845 781 910 habetur
805 844 888 910 satis
912 848 1020 924 eerta;
1045 845 1104 910 sed
1121 845 1247 929 primas
1267 849 1399 911 tantum

253 965 288 1028 et
309 961 506 1046 praecipuas
529 961 578 1026 ita
606 964 801 1045 prosecutus
825 981 908 1041 sum,
940 963 977 1025 ut
1006 960 1071 1025 iarn
1102 981 1162 1044 pro
1193 960 1398 1042 certissimis,

253 1081 286 1143 11
309 1076 569 1143 evidentissimis
593 1075 930 1142 demonstrationibus
960 1076 1032 1141 illas
1063 1075 1169 1140 ausim
1198 1097 1398 1162 proponere:

252 1192 447 1274 Addamque
482 1192 583 1257 etiam
620 1191 706 1256 tales
738 1212 827 1272 esse,
864 1195 901 1256 ut
933 1213 999 1256 non
1030 1194 1145 1277 putem
1177 1192 1277 1256 ullam
1309 1192 1399 1257 viam

252 1309 395 1374 humano
418 1307 552 1389 ingenio
575 1309 703 1392 patere,
727 1328 787 1390 per
811 1327 909 1389 quam
925 1306 1080 1373 meliores
1095 1306 1239 1372 inveniri
1255 1328 1400 1389 unquam

252 1423 390 1508 possint,
415 1422 505 1504 cogit
528 1421 615 1488 enim
639 1443 691 1487 me
715 1441 837 1487 causae
859 1421 1053 1503 necessitas
1078 1424 1113 1487 11
1137 1422 1243 1504 gloria
1258 1423 1331 1504 Dei,
1356 1423 1398 1488 ad

252 1558 351 1621 quam
374 1541 481 1604 totum
504 1538 567 1603 hoc
590 1537 746 1619 refertur,
770 1541 808 1602 ut
831 1538 885 1602 hic
909 1537 1078 1619 aliquanto
1101 1537 1238 1602 liberius
1259 1538 1300 1603 de
1316 1537 1399 1603 meis

251 1655 367 1736 loquar
391 1674 489 1736 quam
512 1673 588 1718 mea
603 1653 671 1718 fert
687 1653 899 1719 consuetudo.
939 1652 1043 1735 Atqui
1060 1652 1272 1734 quantumvis
1289 1656 1399 1718 certas

252 1773 286 1835 et
310 1769 483 1835 evidentes
505 1769 579 1834 illas
603 1771 726 1853 putem,
758 1790 824 1834 non
854 1772 968 1834 tamen
998 1768 1072 1834 ideo
1104 1768 1185 1833 mihi
1214 1769 1399 1853 persuadeo

252 1887 294 1951 ad
318 1886 464 1952 omnium
488 1888 620 1969 captum
645 1905 719 1950 esse
736 1884 1017 1950 accommodatas:
1043 1884 1107 1950 Sed
1124 1885 1399 1966 quemadmodum

251 2002 285 2066 in
302 2001 491 2068 Geometria
506 2001 631 2065 multae
648 2003 726 2066 sunt
742 2001 784 2065 ab
796 1999 1006 2080 Archimede,
1020 1998 1225 2084 Appollonio,
1239 2001 1362 2086 Papp0,
1373 2001 1398 2084 ⁸)

252 2117 368 2182 aliisve
393 2117 548 2201 scriptae,
578 2137 662 2198 quae
686 2114 751 2181 etsi
774 2137 834 2200 pro
858 2115 1067 2181 evidentibus
1091 2116 1203 2197 etiam,
1235 2138 1273 2183 ac
1298 2117 1400 2183 certis

252 2233 294 2298 ab
322 2232 473 2298 omnibus
503 2231 700 2312 habeantur,
733 2231 810 2313 quia
839 2252 957 2315 nempe
988 2231 1070 2296 nihil
1100 2233 1198 2316 plane
1228 2232 1399 2299 continent

253 2349 339 2430 quod
363 2347 502 2414 seorsim
526 2350 713 2432 spectatum
738 2368 803 2413 non
828 2346 872 2412 sit
902 2347 1037 2429 cognitu
1067 2347 1270 2429 facillimum,
1301 2347 1399 2413 nihil-

252 2485 315 2546 que
348 2463 382 2529 in
418 2485 481 2546 quo
516 2463 691 2545 sequentia
726 2483 800 2528 cum
836 2462 1111 2528 antecedentibus
1144 2485 1210 2529 non
1243 2467 1398 2528 accurate

252 2580 463 2659 cohaereant,
488 2579 565 2661 quia
583 2583 696 2644 tamen
711 2578 937 2661 longiusculae
955 2581 1042 2659 sunt,
1067 2581 1102 2643 et
1117 2578 1214 2644 valde
1231 2580 1398 2643 attentum

249 2695 409 2761 lectorem
434 2694 635 2774 desiderant,
661 2715 727 2759 non
758 2693 822 2759 nisi
853 2694 894 2759 ab
925 2693 1101 2758 admodum
1131 2693 1245 2777 paucis
1276 2692 1397 2758 intelli-

252 2814 388 2892 guntur:
423 2811 475 2875 Ita
510 2809 661 2891 quamvis
694 2829 752 2874 eas
785 2809 902 2890 quibus
935 2807 989 2872 hic
1022 2810 1098 2873 utor
1131 2807 1329 2874 certitudine
1363 2811 1399 2874 et

251 2925 420 2992 evidentia
449 2924 674 2992 Geometricas
704 2944 858 3006 aequare,
890 2924 943 2990 vel
972 2923 1073 2988 etiam
1097 2944 1256 3007 superare
1280 2923 1398 2989 existi-

251 3041 379 3125 mem,9)
408 3062 526 3106 vereor
549 3044 663 3106 tamen
687 3061 728 3106 ne
753 3039 903 3105 amultis
920 3039 1003 3104 satis
1019 3037 1145 3122 percipi
1169 3060 1234 3104 non
1257 3038 1397 3124 possint,

250 3161 320 3222 tum
345 3157 422 3239 quia
445 3155 547 3221 etiarn
570 3155 795 3238 longiusculae
813 3137 901 3234 sunt,
926 3153 1061 3219 1111111
1083 3153 1125 3218 ab
1142 3153 1215 3219 aliis
1235 3154 1395 3237 pendent:

250 3277 321 3338 tum
344 3271 522 3356 praecipue
547 3271 623 3352 quia
646 3270 819 3352 requirunt
843 3273 987 3334 mentem
1013 3289 1033 3334 1
1056 3268 1269 3353 praeiudiciis
1299 3268 1396 3353 plane

250 3387 403 3453 liberam:
427 3390 462 3452 et
486 3404 571 3468 quae
595 3386 762 3469 seipsam
786 3405 806 3450 a
829 3405 985 3450 sensuum
1009 3383 1175 3450 consortio
1199 3383 1297 3449 facile
1320 3384 1396 3449 sub-

359 3614 380 3682 l)
407 3614 553 3688 Dcscartcs
583 3613 714 3682 llbergeht
744 3615 787 3668 die
814 3613 992 3682 Darstellung
1018 3614 1073 3668 und
1100 3613 1190 3667 Kritik
1218 3613 1265 3666 der
1292 3613 1401 3686 11111111

248 3701 486 3772 kosmologischen
503 3702 559 3758 und
575 3702 788 3777 teleologischen
806 3703 955 3757 Beweisart
975 3702 1032 3756 fast
1049 3702 1180 3770 gtnzlich.

358 3794 379 3860 ⁸)
397 3790 613 3847 Archimedes
637 3791 790 3858 aar-212,
816 3791 1017 3862 Apollonius
1041 3809 1090 3846 aus
1111 3790 1197 3858 Perga
1215 3790 1243 3843 in
1261 3789 1396 3860 Pamphy·
1448 3855 1450 3858 Α

247 3882 311 3948 lien,
331 3885 401 3936 ctwa
420 3881 562 3936 265-190
580 3899 607 3935 v.
621 3881 694 3946 cnm
713 3881 844 3952 Pappus
863 3897 912 3934 aus
924 3879 1109 3934 Alexandrien
1126 3879 1200 3934 lebte
1219 3896 1307 3947 gagen
1320 3878 1396 3932 Ende

186 3975 187 3978 ’
248 3972 297 4025 des
310 3971 410 4025 dritten
421 3969 619 4026 Jahrhundems
636 3988 662 4023 n.
676 3969 745 4036 chr,
764 3970 886 4024 bekannt
904 3967 989 4023 durch
1007 3969 1082 4022 scine
1098 3967 1323 4034 ,Mathematicae
1336 3967 1395 4022 001-
1432 4032 1436 4037 Α

247 4060 392 4114 lectiones“
405 4058 541 4129 (hernusg.
551 4077 605 4113 von
615 4056 739 4113 Hultsch.
753 4059 852 4122 Berlin,
865 4057 1050 4126 1875-1878).
1064 4057 1126 4125 Vgl.
1136 4059 1174 4112 M.
1184 4057 1318 4112 Cantor:
1329 4057 1395 4110 Vor-

248 4146 823 4216 111111111111111611111111Μ1111111111111.
843 4146 959 4216 Leipzig,
972 4145 1049 4200 1894.
1064 4147 1113 4200 Bd.
1124 4147 1136 4199 I
1150 4146 1176 4200 S.
1186 4145 1247 4212 280,
1259 4145 1318 4211 315,
1328 4145 1381 4199 412
1388 4163 1395 4208 ;
