<?xml version="1.0" encoding="UTF-8"?>
<!DOCTYPE html PUBLIC "-//W3C//DTD XHTML 1.0 Transitional//EN"
    "http://www.w3.org/TR/xhtml1/DTD/xhtml1-transitional.dtd">
<html xmlns="http://www.w3.org/1999/xhtml" xml:lang="en" lang="en">
 <head>
  <title>
</title>
<meta http-equiv="Content-Type" content="text/html;charset=utf-8" />
  <meta name='ocr-system' content='tesseract 3.04.00' />
  <meta name='ocr-capabilities' content='ocr_page ocr_carea ocr_par ocr_line ocrx_word'/>
</head>
<body>
  <div class='ocr_page' id='page_1' title='image "./meditationesdep01gtgoog_0192.png"; bbox 0 0 3154 4860; ppageno 0'>
   <div class='ocr_carea' id='block_1_1' title="bbox 262 364 965 439">
    <p class='ocr_par' dir='ltr' id='par_1_1' title="bbox 262 364 965 439">
     <span class='ocr_line' id='line_1_1' title="bbox 262 364 965 439; baseline -0.003 -18"><span class='ocrx_word' id='word_1_1' title='bbox 262 375 325 439; x_wconf 82' lang='lat'>180</span> <span class='ocrx_word' id='word_1_2' title='bbox 699 366 840 422; x_wconf 82' lang='lat' dir='ltr'>Meditetio</span> <span class='ocrx_word' id='word_1_3' title='bbox 859 364 965 433; x_wconf 82' lang='lat' dir='ltr'>Qirinte.</span> 
     </span>
    </p>
   </div>
   <div class='ocr_carea' id='block_1_2' title="bbox 254 562 1411 3304">
    <p class='ocr_par' dir='ltr' id='par_1_2' title="bbox 254 562 1411 1921">
     <span class='ocr_line' id='line_1_2' title="bbox 261 562 1408 649; baseline -0.004 -16"><span class='ocrx_word' id='word_1_4' title='bbox 261 567 448 634; x_wconf 85' lang='lat' dir='ltr'>differentia</span> <span class='ocrx_word' id='word_1_5' title='bbox 471 569 523 632; x_wconf 87' lang='lat' dir='ltr'>est</span> <span class='ocrx_word' id='word_1_6' title='bbox 546 565 636 632; x_wconf 94' lang='lat' dir='ltr'>inter</span> <span class='ocrx_word' id='word_1_7' title='bbox 658 565 818 632; x_wconf 87' lang='lat' dir='ltr'>eiusmodi</span> <span class='ocrx_word' id='word_1_8' title='bbox 842 565 946 630; x_wconf 85' lang='lat' dir='ltr'>fnlsas</span> <span class='ocrx_word' id='word_1_9' title='bbox 976 563 1217 649; x_wconf 76' lang='lat' dir='ltr'>positiones‚¹⁹)</span> <span class='ocrx_word' id='word_1_10' title='bbox 1250 565 1285 628; x_wconf 90' lang='lat' dir='ltr'>et</span> <span class='ocrx_word' id='word_1_11' title='bbox 1314 562 1408 629; x_wconf 81' lang='lat' dir='ltr'>ideas</span> 
     </span>
     <span class='ocr_line' id='line_1_3' title="bbox 261 679 1409 765; baseline -0.003 -17"><span class='ocrx_word' id='word_1_12' title='bbox 261 704 359 749; x_wconf 90' lang='lat' dir='ltr'>veras</span> <span class='ocrx_word' id='word_1_13' title='bbox 387 682 468 748; x_wconf 89' lang='lat' dir='ltr'>mihi</span> <span class='ocrx_word' id='word_1_14' title='bbox 495 682 673 765; x_wconf 86' lang='lat' dir='ltr'>ingenitas,</span> <span class='ocrx_word' id='word_1_15' title='bbox 702 702 840 765; x_wconf 89' lang='lat' dir='ltr'>quarum</span> <span class='ocrx_word' id='word_1_16' title='bbox 865 681 973 765; x_wconf 91' lang='lat' dir='ltr'>prima</span> <span class='ocrx_word' id='word_1_17' title='bbox 997 682 1031 746; x_wconf 89' lang='lat' dir='ltr'>et</span> <span class='ocrx_word' id='word_1_18' title='bbox 1054 679 1233 764; x_wconf 87' lang='lat' dir='ltr'>praecipua</span> <span class='ocrx_word' id='word_1_19' title='bbox 1257 682 1309 745; x_wconf 86' lang='lat' dir='ltr'>est</span> <span class='ocrx_word' id='word_1_20' title='bbox 1331 679 1409 745; x_wconf 83' lang='lat' dir='ltr'>idea</span> 
     </span>
     <span class='ocr_line' id='line_1_4' title="bbox 262 795 1409 883; baseline -0.003 -19"><span class='ocrx_word' id='word_1_21' title='bbox 262 799 389 883; x_wconf 63' lang='lat' dir='ltr'>Deum)</span> <span class='ocrx_word' id='word_1_22' title='bbox 423 820 501 865; x_wconf 91' lang='lat' dir='ltr'>nam</span> <span class='ocrx_word' id='word_1_23' title='bbox 533 819 614 864; x_wconf 91' lang='lat' dir='ltr'>sane</span> <span class='ocrx_word' id='word_1_24' title='bbox 644 797 758 863; x_wconf 90' lang='lat' dir='ltr'>multis</span> <span class='ocrx_word' id='word_1_25' title='bbox 790 797 897 863; x_wconf 88' lang='lat' dir='ltr'>modis</span> <span class='ocrx_word' id='word_1_26' title='bbox 929 797 1079 879; x_wconf 78' lang='lat' dir='ltr'>intelligo</span> <span class='ocrx_word' id='word_1_27' title='bbox 1111 795 1201 861; x_wconf 91' lang='lat' dir='ltr'>illam</span> <span class='ocrx_word' id='word_1_28' title='bbox 1234 817 1301 861; x_wconf 91' lang='lat' dir='ltr'>non</span> <span class='ocrx_word' id='word_1_29' title='bbox 1334 815 1409 861; x_wconf 90' lang='lat' dir='ltr'>esse</span> 
     </span>
     <span class='ocr_line' id='line_1_5' title="bbox 262 911 1407 997; baseline -0.004 -18"><span class='ocrx_word' id='word_1_30' title='bbox 262 913 340 996; x_wconf 91' lang='lat' dir='ltr'>quid</span> <span class='ocrx_word' id='word_1_31' title='bbox 362 913 516 979; x_wconf 88' lang='lat' dir='ltr'>fictitium</span> <span class='ocrx_word' id='word_1_32' title='bbox 540 935 561 978; x_wconf 88' lang='lat' dir='ltr'>a</span> <span class='ocrx_word' id='word_1_33' title='bbox 584 912 787 996; x_wconf 77' lang='lat' dir='ltr'>cogitatione</span> <span class='ocrx_word' id='word_1_34' title='bbox 810 919 885 978; x_wconf 81' lang='lat' dir='ltr'>mea</span> <span class='ocrx_word' id='word_1_35' title='bbox 909 912 1109 997; x_wconf 87' lang='lat' dir='ltr'>dependens,</span> <span class='ocrx_word' id='word_1_36' title='bbox 1140 912 1199 977; x_wconf 87' lang='lat' dir='ltr'>sed</span> <span class='ocrx_word' id='word_1_37' title='bbox 1227 911 1407 994; x_wconf 82' lang='lat' dir='ltr'>imaginem</span> 
     </span>
     <span class='ocr_line' id='line_1_6' title="bbox 260 1025 1411 1113; baseline -0.003 -18"><span class='ocrx_word' id='word_1_38' title='bbox 260 1049 361 1095; x_wconf 88' lang='lat' dir='ltr'>verae</span> <span class='ocrx_word' id='word_1_39' title='bbox 391 1033 426 1095; x_wconf 92' lang='lat' dir='ltr'>et</span> <span class='ocrx_word' id='word_1_40' title='bbox 455 1029 671 1095; x_wconf 89' lang='lat' dir='ltr'>immutabilis</span> <span class='ocrx_word' id='word_1_41' title='bbox 702 1032 857 1107; x_wconf 81' lang='lat' dir='ltr'>naturae3</span> <span class='ocrx_word' id='word_1_42' title='bbox 891 1032 929 1094; x_wconf 93' lang='lat' dir='ltr'>ut</span> <span class='ocrx_word' id='word_1_43' title='bbox 960 1027 1077 1113; x_wconf 87' lang='lat' dir='ltr'>primo,</span> <span class='ocrx_word' id='word_1_44' title='bbox 1110 1027 1188 1110; x_wconf 92' lang='lat' dir='ltr'>quia</span> <span class='ocrx_word' id='word_1_45' title='bbox 1220 1026 1310 1092; x_wconf 89' lang='lat' dir='ltr'>nulla</span> <span class='ocrx_word' id='word_1_46' title='bbox 1343 1025 1411 1091; x_wconf 88' lang='lat' dir='ltr'>alia</span> 
     </span>
     <span class='ocr_line' id='line_1_7' title="bbox 260 1141 1411 1230; baseline -0.002 -21"><span class='ocrx_word' id='word_1_47' title='bbox 260 1166 315 1211; x_wconf 90' lang='lat' dir='ltr'>res</span> <span class='ocrx_word' id='word_1_48' title='bbox 338 1147 451 1230; x_wconf 89' lang='lat' dir='ltr'>potest</span> <span class='ocrx_word' id='word_1_49' title='bbox 477 1165 499 1209; x_wconf 90' lang='lat' dir='ltr'>a</span> <span class='ocrx_word' id='word_1_50' title='bbox 521 1166 574 1210; x_wconf 92' lang='lat' dir='ltr'>me</span> <span class='ocrx_word' id='word_1_51' title='bbox 604 1143 790 1227; x_wconf 81' lang='lat' dir='ltr'>excogitari</span> <span class='ocrx_word' id='word_1_52' title='bbox 820 1144 862 1209; x_wconf 88' lang='lat' dir='ltr'>ad</span> <span class='ocrx_word' id='word_1_53' title='bbox 893 1143 985 1209; x_wconf 88' lang='lat' dir='ltr'>cuius</span> <span class='ocrx_word' id='word_1_54' title='bbox 1016 1143 1197 1210; x_wconf 84' lang='lat' dir='ltr'>essentiam</span> <span class='ocrx_word' id='word_1_55' title='bbox 1227 1141 1411 1208; x_wconf 80' lang='lat' dir='ltr'>existentia</span> 
     </span>
     <span class='ocr_line' id='line_1_8' title="bbox 260 1258 1407 1346; baseline -0.004 -19"><span class='ocrx_word' id='word_1_56' title='bbox 260 1260 429 1346; x_wconf 87' lang='lat' dir='ltr'>pertineat</span> <span class='ocrx_word' id='word_1_57' title='bbox 459 1262 595 1344; x_wconf 86' lang='lat' dir='ltr'>praeter</span> <span class='ocrx_word' id='word_1_58' title='bbox 626 1260 732 1326; x_wconf 88' lang='lat' dir='ltr'>solum</span> <span class='ocrx_word' id='word_1_59' title='bbox 763 1259 885 1337; x_wconf 81' lang='lat' dir='ltr'>Deum3</span> <span class='ocrx_word' id='word_1_60' title='bbox 919 1259 1038 1325; x_wconf 90' lang='lat' dir='ltr'>deinde</span> <span class='ocrx_word' id='word_1_61' title='bbox 1071 1258 1149 1342; x_wconf 89' lang='lat' dir='ltr'>quia</span> <span class='ocrx_word' id='word_1_62' title='bbox 1178 1280 1243 1326; x_wconf 90' lang='lat' dir='ltr'>non</span> <span class='ocrx_word' id='word_1_63' title='bbox 1273 1280 1407 1343; x_wconf 87' lang='lat' dir='ltr'>possum</span> 
     </span>
     <span class='ocr_line' id='line_1_9' title="bbox 262 1373 1409 1459; baseline -0.001 -17"><span class='ocrx_word' id='word_1_64' title='bbox 262 1377 353 1457; x_wconf 83' lang='lat' dir='ltr'>duce,</span> <span class='ocrx_word' id='word_1_65' title='bbox 378 1377 436 1441; x_wconf 88' lang='lat' dir='ltr'>aut</span> <span class='ocrx_word' id='word_1_66' title='bbox 458 1375 570 1459; x_wconf 87' lang='lat' dir='ltr'>plures</span> <span class='ocrx_word' id='word_1_67' title='bbox 594 1373 753 1441; x_wconf 91' lang='lat' dir='ltr'>eiusmodi</span> <span class='ocrx_word' id='word_1_68' title='bbox 777 1375 865 1441; x_wconf 84' lang='lat' dir='ltr'>Deos</span> <span class='ocrx_word' id='word_1_69' title='bbox 895 1373 1097 1457; x_wconf 81' lang='lat' dir='ltr'>intelligere3</span> <span class='ocrx_word' id='word_1_70' title='bbox 1129 1377 1163 1440; x_wconf 92' lang='lat' dir='ltr'>et</span> <span class='ocrx_word' id='word_1_71' title='bbox 1193 1373 1270 1457; x_wconf 92' lang='lat' dir='ltr'>quia</span> <span class='ocrx_word' id='word_1_72' title='bbox 1299 1374 1409 1459; x_wconf 89' lang='lat' dir='ltr'>posito</span> 
     </span>
     <span class='ocr_line' id='line_1_10' title="bbox 254 1489 1410 1574; baseline -0.002 -18"><span class='ocrx_word' id='word_1_73' title='bbox 254 1492 348 1574; x_wconf 34' lang='lat' dir='ltr'>‘quod</span> <span class='ocrx_word' id='word_1_74' title='bbox 371 1491 438 1557; x_wconf 91' lang='lat' dir='ltr'>iam</span> <span class='ocrx_word' id='word_1_75' title='bbox 465 1512 550 1556; x_wconf 89' lang='lat' dir='ltr'>uuus</span> <span class='ocrx_word' id='word_1_76' title='bbox 580 1489 715 1569; x_wconf 84' lang='lat' dir='ltr'>existat,</span> <span class='ocrx_word' id='word_1_77' title='bbox 747 1489 844 1574; x_wconf 87' lang='lat' dir='ltr'>plane</span> <span class='ocrx_word' id='word_1_78' title='bbox 867 1489 1000 1556; x_wconf 88' lang='lat' dir='ltr'>videam</span> <span class='ocrx_word' id='word_1_79' title='bbox 1024 1511 1098 1556; x_wconf 89' lang='lat' dir='ltr'>esse</span> <span class='ocrx_word' id='word_1_80' title='bbox 1121 1489 1346 1557; x_wconf 86' lang='lat' dir='ltr'>necessarium</span> <span class='ocrx_word' id='word_1_81' title='bbox 1369 1493 1410 1555; x_wconf 89' lang='lat' dir='ltr'>ut</span> 
     </span>
     <span class='ocr_line' id='line_1_11' title="bbox 262 1604 1410 1686; baseline -0.003 -13"><span class='ocrx_word' id='word_1_82' title='bbox 262 1609 296 1673; x_wconf 90' lang='lat' dir='ltr'>et</span> <span class='ocrx_word' id='word_1_83' title='bbox 329 1610 407 1672; x_wconf 89' lang='lat' dir='ltr'>aute</span> <span class='ocrx_word' id='word_1_84' title='bbox 439 1606 481 1672; x_wconf 91' lang='lat' dir='ltr'>ah</span> <span class='ocrx_word' id='word_1_85' title='bbox 514 1609 651 1671; x_wconf 87' lang='lat' dir='ltr'>aeterno</span> <span class='ocrx_word' id='word_1_86' title='bbox 684 1604 847 1686; x_wconf 86' lang='lat' dir='ltr'>extiterit,</span> <span class='ocrx_word' id='word_1_87' title='bbox 887 1608 922 1671; x_wconf 91' lang='lat' dir='ltr'>et</span> <span class='ocrx_word' id='word_1_88' title='bbox 952 1605 987 1670; x_wconf 91' lang='lat' dir='ltr'>in</span> <span class='ocrx_word' id='word_1_89' title='bbox 1022 1609 1195 1684; x_wconf 83' lang='lat' dir='ltr'>aeternum</span> <span class='ocrx_word' id='word_1_90' title='bbox 1232 1605 1277 1671; x_wconf 87' lang='lat' dir='ltr'>sit</span> <span class='ocrx_word' id='word_1_91' title='bbox 1314 1626 1410 1670; x_wconf 91' lang='lat' dir='ltr'>man-</span> 
     </span>
     <span class='ocr_line' id='line_1_12' title="bbox 262 1719 1407 1807; baseline -0.003 -19"><span class='ocrx_word' id='word_1_92' title='bbox 262 1719 425 1807; x_wconf 64' lang='lat' dir='ltr'>surus331)</span> <span class='ocrx_word' id='word_1_93' title='bbox 458 1743 497 1787; x_wconf 92' lang='lat' dir='ltr'>ac</span> <span class='ocrx_word' id='word_1_94' title='bbox 531 1721 672 1804; x_wconf 90' lang='lat' dir='ltr'>denique</span> <span class='ocrx_word' id='word_1_95' title='bbox 705 1721 790 1803; x_wconf 92' lang='lat' dir='ltr'>quod</span> <span class='ocrx_word' id='word_1_96' title='bbox 823 1720 928 1786; x_wconf 88' lang='lat' dir='ltr'>multa</span> <span class='ocrx_word' id='word_1_97' title='bbox 961 1721 1027 1786; x_wconf 91' lang='lat' dir='ltr'>alia</span> <span class='ocrx_word' id='word_1_98' title='bbox 1058 1721 1094 1786; x_wconf 92' lang='lat' dir='ltr'>in</span> <span class='ocrx_word' id='word_1_99' title='bbox 1123 1722 1194 1787; x_wconf 93' lang='lat' dir='ltr'>Deo</span> <span class='ocrx_word' id='word_1_100' title='bbox 1225 1720 1407 1805; x_wconf 83' lang='lat' dir='ltr'>percipiam</span> 
     </span>
     <span class='ocr_line' id='line_1_13' title="bbox 262 1835 1216 1921; baseline -0.003 -18"><span class='ocrx_word' id='word_1_101' title='bbox 262 1859 399 1921; x_wconf 91' lang='lat' dir='ltr'>quorum</span> <span class='ocrx_word' id='word_1_102' title='bbox 422 1837 505 1902; x_wconf 90' lang='lat' dir='ltr'>nihil</span> <span class='ocrx_word' id='word_1_103' title='bbox 528 1858 549 1902; x_wconf 96' lang='lat' dir='ltr'>a</span> <span class='ocrx_word' id='word_1_104' title='bbox 571 1858 623 1902; x_wconf 93' lang='lat' dir='ltr'>me</span> <span class='ocrx_word' id='word_1_105' title='bbox 648 1835 779 1903; x_wconf 88' lang='lat' dir='ltr'>detrahi</span> <span class='ocrx_word' id='word_1_106' title='bbox 802 1838 925 1920; x_wconf 82' lang='lat' dir='ltr'>potest,</span> <span class='ocrx_word' id='word_1_107' title='bbox 950 1856 1011 1901; x_wconf 89' lang='lat' dir='ltr'>nec</span> <span class='ocrx_word' id='word_1_108' title='bbox 1034 1835 1216 1921; x_wconf 62' lang='lat' dir='ltr'>mutasse)</span> 
     </span>
    </p>

    <p class='ocr_par' dir='ltr' id='par_1_3' title="bbox 261 1951 1410 3304">
     <span class='ocr_line' id='line_1_14' title="bbox 368 1951 1408 2036; baseline -0.003 -16"><span class='ocrx_word' id='word_1_109' title='bbox 368 1953 432 2020; x_wconf 86' lang='lat' dir='ltr'>Sed</span> <span class='ocrx_word' id='word_1_110' title='bbox 455 1952 586 2036; x_wconf 74' lang='lat' dir='ltr'>vero³³)</span> <span class='ocrx_word' id='word_1_111' title='bbox 611 1972 806 2035; x_wconf 87' lang='lat' dir='ltr'>quacunque</span> <span class='ocrx_word' id='word_1_112' title='bbox 830 1951 966 2017; x_wconf 90' lang='lat' dir='ltr'>taudem</span> <span class='ocrx_word' id='word_1_113' title='bbox 982 1955 1060 2017; x_wconf 92' lang='lat' dir='ltr'>utar</span> <span class='ocrx_word' id='word_1_114' title='bbox 1082 1951 1242 2035; x_wconf 88' lang='lat' dir='ltr'>probandi</span> <span class='ocrx_word' id='word_1_115' title='bbox 1266 1951 1408 2032; x_wconf 82' lang='lat' dir='ltr'>ratione,</span> 
     </span>
     <span class='ocr_line' id='line_1_15' title="bbox 262 2067 1408 2153; baseline -0.002 -19"><span class='ocrx_word' id='word_1_116' title='bbox 262 2089 393 2153; x_wconf 87' lang='lat' dir='ltr'>semper</span> <span class='ocrx_word' id='word_1_117' title='bbox 416 2089 455 2134; x_wconf 94' lang='lat' dir='ltr'>eo</span> <span class='ocrx_word' id='word_1_118' title='bbox 479 2089 534 2133; x_wconf 88' lang='lat' dir='ltr'>res</span> <span class='ocrx_word' id='word_1_119' title='bbox 557 2067 654 2148; x_wconf 84' lang='lat' dir='ltr'>redit,</span> <span class='ocrx_word' id='word_1_120' title='bbox 679 2069 717 2132; x_wconf 95' lang='lat' dir='ltr'>ut</span> <span class='ocrx_word' id='word_1_121' title='bbox 740 2087 780 2132; x_wconf 91' lang='lat' dir='ltr'>ea</span> <span class='ocrx_word' id='word_1_122' title='bbox 803 2088 856 2132; x_wconf 92' lang='lat' dir='ltr'>me</span> <span class='ocrx_word' id='word_1_123' title='bbox 880 2068 951 2132; x_wconf 91' lang='lat' dir='ltr'>sola</span> <span class='ocrx_word' id='word_1_124' title='bbox 966 2067 1064 2151; x_wconf 87' lang='lat' dir='ltr'>plane</span> <span class='ocrx_word' id='word_1_125' title='bbox 1083 2067 1307 2152; x_wconf 86' lang='lat' dir='ltr'>persuadeant</span> <span class='ocrx_word' id='word_1_126' title='bbox 1322 2088 1408 2150; x_wconf 90' lang='lat' dir='ltr'>quae</span> 
     </span>
     <span class='ocr_line' id='line_1_16' title="bbox 262 2181 1410 2267; baseline 0 -19"><span class='ocrx_word' id='word_1_127' title='bbox 262 2184 350 2249; x_wconf 87' lang='lat' dir='ltr'>clare</span> <span class='ocrx_word' id='word_1_128' title='bbox 383 2186 417 2249; x_wconf 93' lang='lat' dir='ltr'>et</span> <span class='ocrx_word' id='word_1_129' title='bbox 451 2182 607 2248; x_wconf 89' lang='lat' dir='ltr'>distincte</span> <span class='ocrx_word' id='word_1_130' title='bbox 640 2181 795 2267; x_wconf 87' lang='lat' dir='ltr'>percipio.</span> <span class='ocrx_word' id='word_1_131' title='bbox 849 2183 894 2248; x_wconf 80' lang='lat' dir='ltr'>at</span> <span class='ocrx_word' id='word_1_132' title='bbox 926 2181 1058 2264; x_wconf 92' lang='lat' dir='ltr'>quidem</span> <span class='ocrx_word' id='word_1_133' title='bbox 1091 2204 1135 2248; x_wconf 87' lang='lat' dir='ltr'>ex</span> <span class='ocrx_word' id='word_1_134' title='bbox 1166 2182 1207 2248; x_wconf 92' lang='lat' dir='ltr'>iis</span> <span class='ocrx_word' id='word_1_135' title='bbox 1242 2204 1327 2265; x_wconf 88' lang='lat' dir='ltr'>quae</span> <span class='ocrx_word' id='word_1_136' title='bbox 1358 2183 1410 2248; x_wconf 87' lang='lat' dir='ltr'>ita</span> 
     </span>
     <span class='ocr_line' id='line_1_17' title="bbox 261 2295 1408 2383; baseline 0 -19"><span class='ocrx_word' id='word_1_137' title='bbox 261 2298 407 2383; x_wconf 89' lang='lat' dir='ltr'>percipio</span> <span class='ocrx_word' id='word_1_138' title='bbox 440 2297 504 2363; x_wconf 89' lang='lat' dir='ltr'>etsi</span> <span class='ocrx_word' id='word_1_139' title='bbox 537 2297 694 2362; x_wconf 90' lang='lat' dir='ltr'>nonnulla</span> <span class='ocrx_word' id='word_1_140' title='bbox 727 2297 902 2380; x_wconf 90' lang='lat' dir='ltr'>unicuique</span> <span class='ocrx_word' id='word_1_141' title='bbox 936 2297 1034 2362; x_wconf 92' lang='lat' dir='ltr'>obvia</span> <span class='ocrx_word' id='word_1_142' title='bbox 1066 2295 1191 2383; x_wconf 77' lang='lat' dir='ltr'>sint‚³⁴)</span> <span class='ocrx_word' id='word_1_143' title='bbox 1228 2298 1293 2364; x_wconf 89' lang='lat' dir='ltr'>alia</span> <span class='ocrx_word' id='word_1_144' title='bbox 1328 2320 1408 2365; x_wconf 89' lang='lat' dir='ltr'>vero</span> 
     </span>
     <span class='ocr_line' id='line_1_18' title="bbox 262 2411 1408 2497; baseline 0 -19"><span class='ocrx_word' id='word_1_145' title='bbox 262 2412 393 2480; x_wconf 90' lang='lat' dir='ltr'>nonnisi</span> <span class='ocrx_word' id='word_1_146' title='bbox 428 2412 469 2476; x_wconf 91' lang='lat' dir='ltr'>ab</span> <span class='ocrx_word' id='word_1_147' title='bbox 501 2411 553 2490; x_wconf 80' lang='lat' dir='ltr'>iis,</span> <span class='ocrx_word' id='word_1_148' title='bbox 586 2411 642 2494; x_wconf 92' lang='lat' dir='ltr'>qui</span> <span class='ocrx_word' id='word_1_149' title='bbox 676 2411 812 2497; x_wconf 91' lang='lat' dir='ltr'>propius</span> <span class='ocrx_word' id='word_1_150' title='bbox 846 2412 1035 2497; x_wconf 86' lang='lat' dir='ltr'>inspiciunt,</span> <span class='ocrx_word' id='word_1_151' title='bbox 1075 2417 1110 2480; x_wconf 90' lang='lat' dir='ltr'>et</span> <span class='ocrx_word' id='word_1_152' title='bbox 1142 2413 1319 2496; x_wconf 86' lang='lat' dir='ltr'>diligenter</span> <span class='ocrx_word' id='word_1_153' title='bbox 1355 2413 1408 2478; x_wconf 92' lang='lat' dir='ltr'>in·</span> 
     </span>
     <span class='ocr_line' id='line_1_19' title="bbox 261 2527 1407 2610; baseline 0.002 -18"><span class='ocrx_word' id='word_1_154' title='bbox 261 2527 444 2610; x_wconf 84' lang='lat' dir='ltr'>vestigant,</span> <span class='ocrx_word' id='word_1_155' title='bbox 473 2527 689 2609; x_wconf 81' lang='lat' dir='ltr'>deteguntur3</span> <span class='ocrx_word' id='word_1_156' title='bbox 719 2530 895 2610; x_wconf 83' lang='lat' dir='ltr'>postquam</span> <span class='ocrx_word' id='word_1_157' title='bbox 919 2531 1032 2594; x_wconf 87' lang='lat' dir='ltr'>tamen</span> <span class='ocrx_word' id='word_1_158' title='bbox 1057 2528 1189 2594; x_wconf 85' lang='lat' dir='ltr'>detecta</span> <span class='ocrx_word' id='word_1_159' title='bbox 1212 2532 1291 2594; x_wconf 88' lang='lat' dir='ltr'>suut</span> <span class='ocrx_word' id='word_1_160' title='bbox 1313 2529 1407 2610; x_wconf 84' lang='lat' dir='ltr'>haec,</span> 
     </span>
     <span class='ocr_line' id='line_1_20' title="bbox 261 2642 1406 2726; baseline 0 -18"><span class='ocrx_word' id='word_1_161' title='bbox 261 2665 327 2710; x_wconf 91' lang='lat' dir='ltr'>nou</span> <span class='ocrx_word' id='word_1_162' title='bbox 350 2642 459 2708; x_wconf 89' lang='lat' dir='ltr'>minus</span> <span class='ocrx_word' id='word_1_163' title='bbox 483 2645 576 2708; x_wconf 90' lang='lat' dir='ltr'>certa</span> <span class='ocrx_word' id='word_1_164' title='bbox 599 2663 697 2725; x_wconf 88' lang='lat' dir='ltr'>quam</span> <span class='ocrx_word' id='word_1_165' title='bbox 720 2642 777 2708; x_wconf 92' lang='lat' dir='ltr'>illa</span> <span class='ocrx_word' id='word_1_166' title='bbox 805 2642 1049 2710; x_wconf 86' lang='lat' dir='ltr'>existimantur.</span> <span class='ocrx_word' id='word_1_167' title='bbox 1096 2643 1144 2710; x_wconf 91' lang='lat' dir='ltr'>Ut</span> <span class='ocrx_word' id='word_1_168' title='bbox 1166 2644 1318 2726; x_wconf 88' lang='lat' dir='ltr'>quamvis</span> <span class='ocrx_word' id='word_1_169' title='bbox 1341 2665 1406 2710; x_wconf 92' lang='lat' dir='ltr'>non</span> 
     </span>
     <span class='ocr_line' id='line_1_21' title="bbox 261 2757 1407 2844; baseline -0.001 -19"><span class='ocrx_word' id='word_1_170' title='bbox 261 2763 331 2825; x_wconf 90' lang='lat' dir='ltr'>tam</span> <span class='ocrx_word' id='word_1_171' title='bbox 363 2758 461 2825; x_wconf 88' lang='lat' dir='ltr'>facile</span> <span class='ocrx_word' id='word_1_172' title='bbox 500 2760 663 2844; x_wconf 85' lang='lat' dir='ltr'>appareat</span> <span class='ocrx_word' id='word_1_173' title='bbox 699 2757 734 2823; x_wconf 90' lang='lat' dir='ltr'>in</span> <span class='ocrx_word' id='word_1_174' title='bbox 771 2758 938 2840; x_wconf 86' lang='lat' dir='ltr'>triangulo</span> <span class='ocrx_word' id='word_1_175' title='bbox 976 2758 1170 2840; x_wconf 83' lang='lat' dir='ltr'>rectangulo</span> <span class='ocrx_word' id='word_1_176' title='bbox 1209 2760 1407 2841; x_wconf 86' lang='lat' dir='ltr'>quadratum</span> 
     </span>
     <span class='ocr_line' id='line_1_22' title="bbox 262 2872 1406 2957; baseline -0.001 -17"><span class='ocrx_word' id='word_1_177' title='bbox 262 2874 353 2940; x_wconf 87' lang='lat' dir='ltr'>basis</span> <span class='ocrx_word' id='word_1_178' title='bbox 381 2875 520 2957; x_wconf 91' lang='lat' dir='ltr'>aequale</span> <span class='ocrx_word' id='word_1_179' title='bbox 551 2895 625 2940; x_wconf 88' lang='lat' dir='ltr'>esse</span> <span class='ocrx_word' id='word_1_180' title='bbox 656 2872 828 2956; x_wconf 86' lang='lat' dir='ltr'>quadratis</span> <span class='ocrx_word' id='word_1_181' title='bbox 857 2873 1011 2955; x_wconf 81' lang='lat' dir='ltr'>laterum,</span> <span class='ocrx_word' id='word_1_182' title='bbox 1042 2894 1142 2956; x_wconf 90' lang='lat' dir='ltr'>quam</span> <span class='ocrx_word' id='word_1_183' title='bbox 1171 2875 1272 2940; x_wconf 86' lang='lat' dir='ltr'>istam</span> <span class='ocrx_word' id='word_1_184' title='bbox 1302 2874 1406 2941; x_wconf 88' lang='lat' dir='ltr'>basim</span> 
     </span>
     <span class='ocr_line' id='line_1_23' title="bbox 262 2987 1409 3072; baseline -0.002 -16"><span class='ocrx_word' id='word_1_185' title='bbox 262 2990 407 3056; x_wconf 84' lang='lat' dir='ltr'>maximo</span> <span class='ocrx_word' id='word_1_186' title='bbox 436 2990 507 3057; x_wconf 90' lang='lat' dir='ltr'>eius</span> <span class='ocrx_word' id='word_1_187' title='bbox 538 2990 659 3072; x_wconf 86' lang='lat' dir='ltr'>angulo</span> <span class='ocrx_word' id='word_1_188' title='bbox 688 2988 853 3070; x_wconf 76' lang='lat' dir='ltr'>auttendi,</span> <span class='ocrx_word' id='word_1_189' title='bbox 884 3011 950 3054; x_wconf 92' lang='lat' dir='ltr'>non</span> <span class='ocrx_word' id='word_1_190' title='bbox 980 2992 1094 3055; x_wconf 87' lang='lat' dir='ltr'>tamen</span> <span class='ocrx_word' id='word_1_191' title='bbox 1123 2987 1233 3055; x_wconf 86' lang='lat' dir='ltr'>miuus</span> <span class='ocrx_word' id='word_1_192' title='bbox 1263 2990 1409 3056; x_wconf 91' lang='lat' dir='ltr'>creditur</span> 
     </span>
     <span class='ocr_line' id='line_1_24' title="bbox 262 3104 1406 3190; baseline -0.002 -16"><span class='ocrx_word' id='word_1_193' title='bbox 262 3111 438 3190; x_wconf 86' lang='lat' dir='ltr'>postquam</span> <span class='ocrx_word' id='word_1_194' title='bbox 469 3105 572 3171; x_wconf 87' lang='lat' dir='ltr'>semel</span> <span class='ocrx_word' id='word_1_195' title='bbox 602 3108 655 3171; x_wconf 86' lang='lat' dir='ltr'>est</span> <span class='ocrx_word' id='word_1_196' title='bbox 682 3107 904 3189; x_wconf 86' lang='lat' dir='ltr'>perspectum.</span> <span class='ocrx_word' id='word_1_197' title='bbox 956 3104 1048 3183; x_wconf 80' lang='lat' dir='ltr'>Quod</span> <span class='ocrx_word' id='word_1_198' title='bbox 1079 3108 1191 3171; x_wconf 88' lang='lat' dir='ltr'>autem</span> <span class='ocrx_word' id='word_1_199' title='bbox 1230 3106 1272 3172; x_wconf 91' lang='lat' dir='ltr'>ad</span> <span class='ocrx_word' id='word_1_200' title='bbox 1302 3106 1406 3172; x_wconf 90' lang='lat' dir='ltr'>Deum</span> 
     </span>
     <span class='ocr_line' id='line_1_25' title="bbox 263 3218 1408 3304; baseline 0 -17"><span class='ocrx_word' id='word_1_201' title='bbox 263 3222 395 3302; x_wconf 89' lang='lat' dir='ltr'>attinet,</span> <span class='ocrx_word' id='word_1_202' title='bbox 425 3224 516 3287; x_wconf 89' lang='lat' dir='ltr'>certe</span> <span class='ocrx_word' id='word_1_203' title='bbox 545 3219 609 3284; x_wconf 90' lang='lat' dir='ltr'>nisi</span> <span class='ocrx_word' id='word_1_204' title='bbox 639 3218 852 3303; x_wconf 88' lang='lat' dir='ltr'>praeiudiciis</span> <span class='ocrx_word' id='word_1_205' title='bbox 882 3220 1097 3304; x_wconf 76' lang='lat' dir='ltr'>obruerer‚³⁶)</span> <span class='ocrx_word' id='word_1_206' title='bbox 1130 3223 1166 3286; x_wconf 92' lang='lat' dir='ltr'>et</span> <span class='ocrx_word' id='word_1_207' title='bbox 1194 3241 1305 3286; x_wconf 91' lang='lat' dir='ltr'>rerum</span> <span class='ocrx_word' id='word_1_208' title='bbox 1333 3243 1408 3287; x_wconf 88' lang='lat' dir='ltr'>sen·</span> 
     </span>
    </p>
   </div>
   <div class='ocr_carea' id='block_1_3' title="bbox 263 3385 1409 4167">
    <p class='ocr_par' dir='ltr' id='par_1_4' title="bbox 264 3385 1408 3544">
     <span class='ocr_line' id='line_1_26' title="bbox 370 3385 1408 3456; baseline 0.003 -16"><span class='ocrx_word' id='word_1_209' title='bbox 370 3386 406 3455; x_wconf 76' lang='lat'>²⁹)</span> <span class='ocrx_word' id='word_1_210' title='bbox 424 3385 481 3440; x_wconf 88' lang='lat' dir='ltr'>Nur</span> <span class='ocrx_word' id='word_1_211' title='bbox 499 3386 542 3439; x_wconf 88' lang='lat' dir='ltr'>die</span> <span class='ocrx_word' id='word_1_212' title='bbox 563 3386 693 3440; x_wconf 82' lang='lat' dir='ltr'>Exietenn</span> <span class='ocrx_word' id='word_1_213' title='bbox 711 3385 839 3441; x_wconf 86' lang='lat' dir='ltr'>Gottes</span> <span class='ocrx_word' id='word_1_214' title='bbox 857 3386 924 3440; x_wconf 88' lang='lat' dir='ltr'>wird</span> <span class='ocrx_word' id='word_1_215' title='bbox 943 3387 986 3441; x_wconf 87' lang='lat' dir='ltr'>als</span> <span class='ocrx_word' id='word_1_216' title='bbox 1008 3387 1183 3455; x_wconf 77' lang='lat' dir='ltr'>nothwendig</span> <span class='ocrx_word' id='word_1_217' title='bbox 1205 3388 1329 3456; x_wconf 71' lang='lat' dir='ltr'>gedacht</span> <span class='ocrx_word' id='word_1_218' title='bbox 1354 3388 1408 3443; x_wconf 84' lang='lat' dir='ltr'>alle</span> 
     </span>
     <span class='ocr_line' id='line_1_27' title="bbox 264 3474 1087 3544; baseline 0 -14"><span class='ocrx_word' id='word_1_219' title='bbox 264 3474 375 3544; x_wconf 74' lang='lat' dir='ltr'>librigen</span> <span class='ocrx_word' id='word_1_220' title='bbox 393 3474 557 3529; x_wconf 82' lang='lat' dir='ltr'>Existenzen</span> <span class='ocrx_word' id='word_1_221' title='bbox 576 3475 636 3529; x_wconf 84' lang='lat' dir='ltr'>sind</span> <span class='ocrx_word' id='word_1_222' title='bbox 654 3475 692 3528; x_wconf 92' lang='lat' dir='ltr'>im</span> <span class='ocrx_word' id='word_1_223' title='bbox 701 3474 846 3543; x_wconf 78' lang='lat' dir='ltr'>Vergleich</span> <span class='ocrx_word' id='word_1_224' title='bbox 865 3475 951 3530; x_wconf 89' lang='lat' dir='ltr'>damit</span> <span class='ocrx_word' id='word_1_225' title='bbox 967 3475 1087 3544; x_wconf 77' lang='lat' dir='ltr'>zultllig.</span> 
     </span>
    </p>

    <p class='ocr_par' dir='ltr' id='par_1_5' title="bbox 263 3563 1408 3722">
     <span class='ocr_line' id='line_1_28' title="bbox 371 3563 1408 3636; baseline 0.002 -18"><span class='ocrx_word' id='word_1_226' title='bbox 371 3565 406 3632; x_wconf 80' lang='lat'>⁸⁰)</span> <span class='ocrx_word' id='word_1_227' title='bbox 424 3563 541 3619; x_wconf 79' lang='lat' dir='ltr'>Gemtss</span> <span class='ocrx_word' id='word_1_228' title='bbox 559 3564 606 3618; x_wconf 91' lang='lat' dir='ltr'>der</span> <span class='ocrx_word' id='word_1_229' title='bbox 623 3563 964 3632; x_wconf 54' lang='lat' dir='ltr'>tabennensiotarum,</span> <span class='ocrx_word' id='word_1_230' title='bbox 984 3564 1098 3619; x_wconf 87' lang='lat' dir='ltr'>wonach</span> <span class='ocrx_word' id='word_1_231' title='bbox 1115 3564 1158 3618; x_wconf 90' lang='lat' dir='ltr'>die</span> <span class='ocrx_word' id='word_1_232' title='bbox 1180 3565 1305 3631; x_wconf 79' lang='lat' dir='ltr'>„realitas</span> <span class='ocrx_word' id='word_1_233' title='bbox 1322 3565 1408 3636; x_wconf 89' lang='lat' dir='ltr'>objec-</span> 
     </span>
     <span class='ocr_line' id='line_1_29' title="bbox 263 3651 1182 3722; baseline -0.002 -14"><span class='ocrx_word' id='word_1_234' title='bbox 263 3653 334 3709; x_wconf 77' lang='lat' dir='ltr'>tiva“</span> <span class='ocrx_word' id='word_1_235' title='bbox 356 3652 404 3707; x_wconf 88' lang='lat' dir='ltr'>der</span> <span class='ocrx_word' id='word_1_236' title='bbox 422 3652 579 3708; x_wconf 79' lang='lat' dir='ltr'>Gottesideo</span> <span class='ocrx_word' id='word_1_237' title='bbox 598 3651 652 3707; x_wconf 82' lang='lat' dir='ltr'>alle</span> <span class='ocrx_word' id='word_1_238' title='bbox 671 3652 784 3721; x_wconf 77' lang='lat' dir='ltr'>librigen</span> <span class='ocrx_word' id='word_1_239' title='bbox 802 3653 884 3707; x_wconf 88' lang='lat' dir='ltr'>ldeen</span> <span class='ocrx_word' id='word_1_240' title='bbox 903 3671 938 3708; x_wconf 89' lang='lat' dir='ltr'>an</span> <span class='ocrx_word' id='word_1_241' title='bbox 950 3651 1030 3707; x_wconf 88' lang='lat' dir='ltr'>Wert</span> <span class='ocrx_word' id='word_1_242' title='bbox 1047 3653 1182 3722; x_wconf 82' lang='lat' dir='ltr'>therragt.</span> 
     </span>
    </p>

    <p class='ocr_par' dir='ltr' id='par_1_6' title="bbox 263 3740 1408 3900">
     <span class='ocr_line' id='line_1_30' title="bbox 371 3740 1408 3811; baseline 0.001 -15"><span class='ocrx_word' id='word_1_243' title='bbox 371 3743 406 3811; x_wconf 86' lang='lat'>⁸¹)</span> <span class='ocrx_word' id='word_1_244' title='bbox 432 3741 499 3796; x_wconf 86' lang='lat' dir='ltr'>Eine</span> <span class='ocrx_word' id='word_1_245' title='bbox 521 3742 607 3810; x_wconf 86' lang='lat' dir='ltr'>ewige</span> <span class='ocrx_word' id='word_1_246' title='bbox 625 3742 754 3796; x_wconf 80' lang='lat' dir='ltr'>Existenz</span> <span class='ocrx_word' id='word_1_247' title='bbox 779 3742 817 3796; x_wconf 86' lang='lat' dir='ltr'>ist</span> <span class='ocrx_word' id='word_1_248' title='bbox 840 3741 885 3796; x_wconf 85' lang='lat' dir='ltr'>bei</span> <span class='ocrx_word' id='word_1_249' title='bbox 909 3740 982 3796; x_wconf 82' lang='lat' dir='ltr'>allen</span> <span class='ocrx_word' id='word_1_250' title='bbox 1006 3742 1122 3811; x_wconf 85' lang='lat' dir='ltr'>Dingen,</span> <span class='ocrx_word' id='word_1_251' title='bbox 1148 3760 1242 3798; x_wconf 83' lang='lat' dir='ltr'>ausser</span> <span class='ocrx_word' id='word_1_252' title='bbox 1266 3743 1310 3798; x_wconf 89' lang='lat' dir='ltr'>bei</span> <span class='ocrx_word' id='word_1_253' title='bbox 1335 3743 1408 3810; x_wconf 75' lang='lat' dir='ltr'>eote,</span> 
     </span>
     <span class='ocr_line' id='line_1_31' title="bbox 263 3830 497 3900; baseline -0.004 -15"><span class='ocrx_word' id='word_1_254' title='bbox 263 3830 497 3900; x_wconf 84' lang='lat' dir='ltr'>ausgeschloesen.</span> 
     </span>
    </p>

    <p class='ocr_par' dir='ltr' id='par_1_7' title="bbox 264 3918 1409 4167">
     <span class='ocr_line' id='line_1_32' title="bbox 371 3918 1408 3989; baseline 0.003 -17"><span class='ocrx_word' id='word_1_255' title='bbox 371 3919 406 3987; x_wconf 81' lang='lat'>⁸²)</span> <span class='ocrx_word' id='word_1_256' title='bbox 424 3919 562 3975; x_wconf 80' lang='lat' dir='ltr'>wahrend</span> <span class='ocrx_word' id='word_1_257' title='bbox 575 3920 618 3974; x_wconf 87' lang='lat' dir='ltr'>die</span> <span class='ocrx_word' id='word_1_258' title='bbox 630 3919 782 3984; x_wconf 80' lang='lat' dir='ltr'>Annahme,</span> <span class='ocrx_word' id='word_1_259' title='bbox 798 3919 863 3974; x_wconf 86' lang='lat' dir='ltr'>dass</span> <span class='ocrx_word' id='word_1_260' title='bbox 875 3918 929 3974; x_wconf 83' lang='lat' dir='ltr'>alle</span> <span class='ocrx_word' id='word_1_261' title='bbox 941 3920 1114 3989; x_wconf 81' lang='lat' dir='ltr'>vierseitigen</span> <span class='ocrx_word' id='word_1_262' title='bbox 1126 3920 1243 3988; x_wconf 84' lang='lat' dir='ltr'>Figuren</span> <span class='ocrx_word' id='word_1_263' title='bbox 1254 3938 1308 3975; x_wconf 87' lang='lat' dir='ltr'>von</span> <span class='ocrx_word' id='word_1_264' title='bbox 1321 3921 1408 3976; x_wconf 85' lang='lat' dir='ltr'>ciuem</span> 
     </span>
     <span class='ocr_line' id='line_1_33' title="bbox 264 4008 1408 4080; baseline 0.001 -17"><span class='ocrx_word' id='word_1_265' title='bbox 264 4009 357 4063; x_wconf 82' lang='lat' dir='ltr'>Kreise</span> <span class='ocrx_word' id='word_1_266' title='bbox 376 4009 403 4062; x_wconf 92' lang='lat' dir='ltr'>in</span> <span class='ocrx_word' id='word_1_267' title='bbox 423 4008 542 4078; x_wconf 83' lang='lat' dir='ltr'>gleicher</span> <span class='ocrx_word' id='word_1_268' title='bbox 553 4009 647 4063; x_wconf 82' lang='lat' dir='ltr'>Weiss</span> <span class='ocrx_word' id='word_1_269' title='bbox 666 4008 855 4064; x_wconf 86' lang='lat' dir='ltr'>umschrieben</span> <span class='ocrx_word' id='word_1_270' title='bbox 868 4009 977 4063; x_wconf 87' lang='lat' dir='ltr'>werden</span> <span class='ocrx_word' id='word_1_271' title='bbox 991 4010 1108 4075; x_wconf 75' lang='lat' dir='ltr'>konnen,</span> <span class='ocrx_word' id='word_1_272' title='bbox 1133 4010 1209 4064; x_wconf 85' lang='lat' dir='ltr'>nicht</span> <span class='ocrx_word' id='word_1_273' title='bbox 1226 4009 1408 4080; x_wconf 81' lang='lat' dir='ltr'>uothwendig‚</span> 
     </span>
     <span class='ocr_line' id='line_1_34' title="bbox 264 4096 1409 4167; baseline 0.004 -16"><span class='ocrx_word' id='word_1_274' title='bbox 264 4098 329 4151; x_wconf 89' lang='lat' dir='ltr'>oder</span> <span class='ocrx_word' id='word_1_275' title='bbox 352 4096 450 4162; x_wconf 82' lang='lat' dir='ltr'>falech,</span> <span class='ocrx_word' id='word_1_276' title='bbox 476 4097 501 4152; x_wconf 89' lang='lat' dir='ltr'>d.</span> <span class='ocrx_word' id='word_1_277' title='bbox 514 4097 541 4152; x_wconf 91' lang='lat' dir='ltr'>h.</span> <span class='ocrx_word' id='word_1_278' title='bbox 560 4097 620 4151; x_wconf 89' lang='lat' dir='ltr'>eine</span> <span class='ocrx_word' id='word_1_279' title='bbox 639 4097 748 4151; x_wconf 84' lang='lat' dir='ltr'>Fiktion</span> <span class='ocrx_word' id='word_1_280' title='bbox 773 4115 886 4152; x_wconf 87' lang='lat' dir='ltr'>unseres</span> <span class='ocrx_word' id='word_1_281' title='bbox 903 4097 1035 4153; x_wconf 85' lang='lat' dir='ltr'>Denkens</span> <span class='ocrx_word' id='word_1_282' title='bbox 1060 4098 1104 4165; x_wconf 85' lang='lat' dir='ltr'>ist,</span> <span class='ocrx_word' id='word_1_283' title='bbox 1130 4098 1226 4167; x_wconf 78' lang='lat' dir='ltr'>gehtrt</span> <span class='ocrx_word' id='word_1_284' title='bbox 1251 4098 1300 4154; x_wconf 84' lang='lat' dir='ltr'>das</span> <span class='ocrx_word' id='word_1_285' title='bbox 1318 4099 1409 4156; x_wconf 86' lang='lat' dir='ltr'>Nicht</span> 
     </span>
    </p>
   </div>
   <div class='ocr_carea' id='block_1_4' title="bbox 0 0 1584 4860">
    <p class='ocr_par' dir='ltr' id='par_1_8' title="bbox 0 0 1584 4860">
     <span class='ocr_line' id='line_1_35' title="bbox 0 0 1584 4860; baseline 0 0"><span class='ocrx_word' id='word_1_286' title='bbox 0 0 1584 4860; x_wconf 95' lang='lat' dir='ltr'> </span> 
     </span>
    </p>
   </div>
  </div>
 </body>
</html>
