3212 4872
264 352 304 415 74
337 315 340 321 Ι
693 343 832 399 Meditutio
851 344 982 398 Secunda.

263 571 422 654 cogitatio
454 569 565 652 estu)
596 570 679 636 haec
710 571 781 636 sola
810 591 906 635 ame
937 568 1048 634 divelli
1076 568 1201 650 nequit,
1233 589 1296 650 ego
1326 591 1410 650 sum,

262 708 324 770 ego
349 686 467 766 existo,
491 688 751 767 certumest.1⁷)
791 685 941 764 Quandiu
966 688 1099 750 autem?
1123 705 1241 768 nempe
1266 684 1410 766 quandiu

262 803 387 884 cogit03
417 821 493 866 nam
517 801 605 867 forte
629 801 731 867 etiam
754 801 826 868 fieri
849 804 964 885 posset
991 801 1019 865 si
1050 821 1216 866 cessarem
1248 800 1289 865 ab
1321 802 1410 867 omni

261 917 464 1000 cogitatione
495 920 533 982 ut
562 916 649 982 illico
680 920 771 983 totus
803 937 876 982 esse
906 916 1106 982 desinerem:
1135 917 1218 982 nihil
1241 939 1328 983 nunc
1351 918 1410 983 ad-

261 1033 358 1099 mitto
383 1033 446 1098 nisi
471 1032 557 1114 quod
580 1031 769 1098 necessario
794 1031 838 1098 sit
861 1053 991 1098 verum:
1024 1054 1096 1097 sum
1126 1032 1230 1115 igitur
1259 1034 1409 1118 praecise

260 1151 393 1214 tantum
420 1168 475 1214 res
506 1147 667 1230 cogitans,
699 1147 818 1229 idest,
848 1168 952 1228 mens,
984 1147 1055 1214 sive
1085 1148 1225 1230 animus,
1257 1148 1328 1214 sive
1358 1149 1408 1214 in-

262 1265 425 1344 tellectus,
437 1263 508 1359 sive
520 1263 618 1344 ratio,
629 1283 729 1329 voces
746 1262 827 1328 mihi
843 1261 935 1348 prius
948 1257 1200 1345 significationis
1212 1262 1409 1348 ignotae31⁸)

262 1401 334 1445 sum
368 1381 479 1444 autem
512 1400 567 1444 res
600 1399 690 1459 vera,
726 1382 761 1444 et
794 1400 875 1445 vere
907 1379 1067 1460 existens,
1101 1379 1160 1445 sed
1194 1379 1300 1462 qualis
1334 1385 1409 1445 res?

264 1494 343 1575 dixi,
380 1494 542 1577 cogitans.
596 1494 680 1572 Quid
709 1496 906 1578 praeterea?
935 1494 1210 1577 imaginab0r219)
1241 1517 1307 1560 non
1336 1516 1409 1560 sum

262 1631 440 1696 compages
469 1610 526 1674 illa
558 1610 839 1694 membrorum,²⁰)
874 1630 958 1692 quae
991 1631 1110 1695 corpus
1139 1611 1320 1676 humanum
1349 1632 1409 1695 ap-

261 1725 418 1810 pellatum
449 1747 515 1791 non
539 1746 611 1791 sum
636 1725 738 1790 etiam
768 1725 878 1791 tenuis
909 1725 1029 1808 aliquis
1059 1732 1117 1791 adr
1147 1725 1223 1791 istis
1252 1727 1410 1792 membris

260 1840 400 1921 infusus
425 1862 490 1906 non
513 1843 645 1922 ventus
669 1863 736 1907 non
759 1840 857 1924 ignis,
882 1862 948 1907 non
964 1862 1078 1927 vapor,
1103 1863 1169 1907 non
1185 1841 1319 1922 halitus,
1342 1864 1408 1908 non

262 1957 419 2040 quidquid
434 1955 514 2022 mihi
533 1958 638 2039 fing03
662 1957 820 2041 supposui
836 1956 924 2021 enim
940 1956 1006 2022 ista
1022 1957 1105 2022 nihil
1120 1977 1204 2037 esse,
1221 1958 1408 2041 maneat21)

262 2072 392 2157 positio,
417 2071 630 2137 nihilominus
652 2074 766 2137 tamen
789 2092 851 2154 ego
876 2071 999 2153 aliquid
1023 2093 1105 2138 sum.
1144 2072 1313 2139 Fortassis
1329 2093 1409 2143 uero

262 2187 436 2269 contingit,
460 2190 499 2252 ut
521 2187 605 2252 haec
628 2187 711 2270 ipsa,
736 2207 821 2269 quae
845 2209 993 2270 suppono
1018 2187 1100 2253 nihil
1123 2209 1206 2268 esse,
1232 2188 1309 2270 quia
1328 2188 1408 2253 mihi

262 2305 340 2369 sunt
363 2302 489 2385 ignota,
518 2305 631 2367 tamen
659 2302 694 2367 in
717 2302 766 2368 rei
789 2302 935 2368 veritate
959 2324 1024 2369 uon
1049 2303 1204 2369 differant
1227 2303 1268 2368 ab
1293 2324 1331 2370 eo
1356 2325 1409 2368 me

263 2439 359 2500 quem
393 2417 492 2483 novi?
524 2417 646 2498 nescio,
682 2417 722 2482 de
753 2418 815 2483 hac
845 2439 882 2483 re
912 2418 980 2483 iam
1015 2441 1080 2485 non
1113 2419 1260 2503 disputo;
1294 2420 1334 2486 de
1367 2420 1410 2484 iis

261 2536 403 2613 tantum,
428 2553 513 2615 quae
536 2532 617 2598 mihi
639 2537 720 2600 nota
744 2537 831 2614 sunt,
859 2534 1016 2599 iudicium
1039 2534 1128 2600 ferre
1152 2557 1300 2618 possum:
1331 2536 1409 2602 novi

262 2670 314 2714 me
338 2649 495 2730 existere,
520 2669 643 2730 quaero
668 2649 741 2731 quis
765 2649 827 2714 sim
852 2670 914 2732 ego
938 2649 993 2715 ille
1017 2670 1113 2731 quem
1137 2650 1230 2730 novi3
1262 2650 1410 2716 certissi-

261 2785 351 2829 mum
375 2767 428 2830 est
451 2763 549 2829 huius
573 2763 621 2829 sic
648 2764 799 2848 praecise
830 2765 955 2850 sumpti
983 2764 1138 2831 notitiam
1168 2787 1234 2832 non
1265 2767 1412 2850 pendere

371 2916 404 2983 ¹⁰)
423 2915 483 2969 Von
499 2913 572 2968 allen
585 2914 742 2969 Attributen
759 2917 808 2969 des
825 2915 934 2970 Geistes
953 2915 1028 2969 kann
1044 2933 1108 2970 man
1124 2915 1161 2968 im
1174 2915 1290 2970 Denken
1307 2915 1410 2971 abstra-

260 3002 344 3068 hiren,
369 3021 420 3058 nur
441 3021 504 3058 vom
525 3004 663 3058 Denken
682 3002 791 3059 selbst
813 3004 896 3070 nicht,
920 3004 982 3057 weil
1004 3004 1046 3058 die
1066 3004 1245 3059 Abstraktion
1263 3003 1410 3058 wiederum

260 3093 304 3146 ein
317 3093 433 3147 Denken
451 3099 532 3146 wdre.
557 3092 608 3147 Die
621 3093 825 3162 Uebersetzung
843 3093 880 3147 im
898 3092 1056 3148 Doutsohen
1075 3111 1158 3160 musa,
1177 3110 1257 3147 wenn
1275 3111 1338 3148 man
1357 3093 1410 3148 den

260 3180 465 3236 franzdsischen
482 3180 554 3236 Text
572 3199 605 3235 zu
623 3181 711 3236 Rathe
734 3182 813 3247 nieht,
840 3181 945 3236 lauten:
974 3182 1027 3248 ,Es
1044 3181 1082 3236 ist
1101 3182 1150 3237 des
1168 3181 1310 3246 Denkenl,
1335 3181 1412 3236 nicht

261 3271 311 3323 wie
326 3271 418 3324 Kuno
435 3269 585 3334 Fischer,
598 3269 630 3323 R.
639 3269 795 3324 Descartes’
806 3270 1036 3340 Hauptschriften,
1051 3270 1126 3324 1863.
1137 3270 1162 3324 S.
1172 3270 1214 3336 83,
1224 3271 1279 3324 und
1294 3269 1411 3324 Kirch·

261 3377 367 3422 mann,
381 3357 535 3412 Descartes’
544 3357 655 3423 Wcrke,
671 3358 747 3412 1870.
761 3358 786 3412 S.
795 3359 838 3423 30,
851 3357 1021 3413 ubersetzen:
1044 3358 1116 3424 ,Das
1128 3347 1243 3413 Denken
1255 3359 1318 3414 ist“.
1346 3358 1410 3426 Vgl.

261 3447 396 3515 Ludwig
417 3446 566 3511 Fischer,
592 3446 746 3501 Deecurtes’
765 3442 985 3515 Batrachhmgen
1010 3447 1077 3501 dher
1102 3448 1144 3501 dle
1163 3447 1338 3515 Gnmdlagen
1363 3447 1413 3501 der
1490 3467 1491 3470 ¹

261 3536 441 3606 Philosophia,
462 3534 759 3590 Universulbibliothck
779 3536 805 3591 S.
819 3537 860 3591 36.
892 3536 949 3592 Das
967 3537 1068 3590 bereits
1087 3537 1244 3624 constatirte
1263 3537 1325 3590 Scin
1343 3536 1412 3590 wird

182 3649 185 3655 ·
258 3626 326 3696 jetzt
344 3625 382 3679 im
394 3626 497 3679 Wesen
515 3624 611 3678 weiter
630 3624 768 3680 erltutert.

368 3715 410 3782 17),
422 3715 518 3768 Diesor
536 3713 598 3768 Satz
617 3713 661 3779 ist,
677 3713 733 3768 'wie
751 3714 784 3768 D.
804 3713 963 3769 wiederholt
981 3713 1085 3768 erkldrt
1102 3714 1157 3780 hat,
1181 3713 1265 3768 kain
1290 3714 1412 3778 Schluss,

260 3803 301 3858 uls
321 3805 355 3859 ob
374 3821 424 3860 aus
443 3804 504 3857 dem
517 3803 633 3856 Denken
651 3803 701 3858 das
719 3803 782 3858 Scin
801 3807 858 3857 erat
876 3803 1028 3858 abzuleitcn
1041 3809 1119 3869 wire,
1139 3790 1255 3858 sondern
1273 3802 1412 3877 unmittel-

259 3893 339 3947 bares
358 3893 496 3948 Erfessen.
534 3891 780 3947 Ich-Bewusstsein
798 3892 853 3946 und
871 3892 986 3947 Denken
1010 3893 1070 3946 sind
1093 3911 1143 3946 nur
1165 3893 1232 3946 zwei
1250 3892 1413 3946 Ausdrticke

259 3983 304 4035 fur
322 3982 365 4035 ein
383 3981 439 4036 und
457 3979 577 4034 dissolbe
590 3979 743 4035 Thatsache
762 3980 811 4034 des
828 3981 1023 4035 individuellen
1035 3981 1121 4036 Scins.
1144 3981 1206 4049 Vgl.
1220 3981 1261 4035 die
1275 3982 1347 4035 erste
1359 3980 1412 4034 Do·

260 4070 365 4124 finition
377 4071 426 4125 des
437 4068 625 4139 Appendix,
639 4069 694 4123 und
711 4069 880 4140 Principia
892 4069 1081 4141 Philosophiae
1092 4071 1138 4125 l.I.
1149 4071 1165 4138 ἐ
1175 4071 1200 4125 9.
1220 4070 1415 4138 ,Cogitationis
