3212 4872
264 397 306 461 84
692 387 832 444 Meditatio
851 387 982 444 Secunda.

262 591 432 676 perceptio
463 611 528 656 non
557 586 652 670 visio,
684 609 749 654 non
782 586 896 667 tactio,
929 608 995 652 non
1025 585 1221 668 imaginatio
1252 589 1315 670 est,
1348 607 1410 652 nec

262 728 406 791 unquam
430 706 504 789 fuit,
529 702 680 790 quamvis
703 703 795 788 prius
817 702 867 769 ita
889 701 1070 783 videretur,
1095 701 1154 768 sed
1170 700 1272 768 solius
1288 701 1410 768 mentis

261 823 482 909 inspectio,³⁹)
508 843 592 906 quae
612 822 665 888 vel
689 819 886 906 imperfecta
910 841 984 886 esse
1006 822 1119 904 potest
1143 821 1178 884 et
1200 817 1348 900 confusa,
1372 822 1410 886 ut

261 941 353 1027 prius
385 940 516 1025 erat,4⁰)
550 939 603 1006 vel
636 938 726 1004 clara
761 940 796 1004 et
831 935 999 1017 distincta,
1032 939 1070 1002 ut
1100 956 1186 1000 nunc
1217 938 1279 1016 est,
1310 938 1409 1020 prout

261 1057 370 1123 minus
392 1057 446 1123 vel
469 1054 578 1140 magis
601 1056 644 1121 ad
667 1054 724 1120 illa
748 1075 790 1119 ex
814 1053 932 1137 quibus
955 1055 1088 1119 constat
1111 1052 1258 1119 attendo.
1304 1051 1408 1118 Miror

261 1195 341 1240 vero
365 1172 499 1239 interim
526 1192 626 1255 quam
655 1190 761 1255 prona
791 1170 836 1236 sit
866 1190 941 1236 moa
970 1190 1064 1235 mens
1093 1169 1128 1234 in
1159 1190 1300 1250 errores,
1330 1189 1408 1234 nam

262 1289 413 1372 quamvis
443 1290 526 1355 haec
557 1288 644 1374 apud
674 1308 726 1353 me
756 1286 890 1367 tacitus,
922 1289 957 1352 et
984 1287 1056 1352 sine
1079 1306 1161 1352 voce
1189 1283 1405 1367 considerem,

261 1406 383 1473 haereo
406 1404 577 1471 tamenin
600 1403 712 1470 verbis
736 1402 828 1488 ipsis,
857 1405 891 1468 et
918 1402 990 1468 fere
1015 1401 1161 1487 decipior
1184 1402 1225 1468 ab
1248 1401 1321 1488 ipso
1344 1423 1406 1469 usu

260 1521 483 1607 loquendizssl
516 1521 655 1587 dicimus
685 1520 774 1587 enim
804 1541 864 1586 nos
894 1518 1009 1585 videre
1037 1539 1148 1585 ceram
1176 1518 1355 1603 ipsammet
1377 1519 1406 1586 si

261 1638 359 1721 adsit,
384 1660 449 1704 non
478 1659 522 1704 ex
552 1638 671 1720 colore,
702 1637 757 1703 vel
786 1658 829 1702 ex
858 1637 966 1719 figura
996 1656 1070 1701 eam
1101 1636 1218 1701 adesse
1247 1634 1404 1718 iudicare,

261 1755 347 1821 unde
378 1755 607 1820 concluderem
639 1751 765 1834 statim,
799 1773 910 1818 ceram
944 1773 1024 1836 ergo
1054 1751 1182 1818 visione
1212 1751 1308 1834 oculi,
1340 1773 1405 1818 non

261 1871 362 1937 solius
385 1869 507 1937 mentis
529 1869 735 1954 inspectione
759 1868 927 1952 cognosci:
953 1867 1017 1934 nisi
1039 1868 1106 1934 iam
1129 1867 1268 1952 fornes)
1292 1889 1406 1954 respe-

261 1987 385 2053 xissem
416 2009 458 2053 ex
488 1986 638 2053 fenestre
671 1985 822 2052 homines
854 1985 889 2051 in
922 1986 1035 2069 platea
1067 1988 1291 2068 transeuntes,
1324 2005 1405 2067 quos

261 2103 363 2170 etiam
395 2103 486 2189 ipsos
520 2125 586 2169 non
618 2101 727 2168 minus
759 2101 936 2184 usitatos)
971 2122 1070 2185 quam
1103 2122 1213 2167 ceram
1246 2101 1318 2167 dico
1353 2122 1406 2167 me

260 2221 389 2288 videre:
429 2220 506 2304 quid
539 2223 651 2285 autem
684 2218 780 2284 video
813 2221 948 2303 praeter
981 2217 1086 2302 pileos
1119 2221 1153 2283 et
1187 2220 1311 2299 vestes,
1344 2217 1404 2283 sub

260 2337 378 2420 quibus
407 2337 513 2403 latere
543 2338 680 2421 possent
711 2337 892 2416 automata,
922 2334 981 2400 sed
1010 2334 1118 2401 iudico
1141 2334 1291 2401 homines
1315 2355 1404 2401 esse:

259 2456 360 2534 atque
383 2452 432 2519 ita
454 2453 488 2519 id
511 2453 597 2536 quod
620 2453 779 2537 putabam
803 2473 856 2518 me
879 2451 994 2518 videre
1016 2451 1128 2534 oculis,
1153 2452 1223 2518 sola
1238 2451 1404 2518 iudicandi

259 2568 431 2650 facultate,
462 2590 546 2652 quae
575 2569 610 2635 in
640 2572 753 2636 mente
783 2575 858 2634 mea
888 2572 954 2650 est,
986 2567 1287 2653 comprehendo.44)
1339 2568 1404 2634 Sed

258 2684 382 2768 pudeat
405 2705 506 2769 supra
528 2684 647 2769 vulgus
671 2706 791 2770 sapere
814 2684 1001 2770 cupientem
1033 2706 1075 2751 ex
1103 2684 1220 2751 formis
1248 2684 1403 2767 loquendi

259 2821 341 2882 quas
364 2801 483 2884 vulgus
506 2799 685 2885 invenite)
708 2800 949 2868 dubitationem
968 2801 1185 2884 quaesivisse,
1209 2822 1404 2886 pergamus-

258 2938 321 3000 que
346 2916 511 3001 deinceps
536 2919 738 2985 attendendo
762 2923 873 2984 utrum
897 2939 959 3000 ego
983 2917 1175 3003 perfectius
1200 2915 1403 2983 evidentius-

365 3095 401 3164 ⁸⁹)
419 3095 486 3150 Eine
503 3097 548 3150 fur
566 3095 607 3150 die
627 3097 788 3165 Bedeutnng
806 3098 854 3152 des
868 3097 1044 3152 Ausdruckes
1063 3096 1261 3166 ,perceptio“
1276 3094 1403 3163 wichtigs

257 3185 349 3241 Stelle.
386 3185 443 3240 Das
466 3185 557 3240 blosse
576 3185 707 3242 sinnliohe
719 3186 924 3240 Wahrnehmen
946 3186 1033 3241 reicht
1051 3204 1086 3240 an
1104 3187 1154 3241 das
1172 3185 1338 3254 begriffliche
1357 3185 1403 3239 Er·

256 3275 350 3329 fasscn
375 3275 424 3329 des
446 3274 581 3329 Wachses
605 3275 681 3331 nicht
705 3275 797 3330 heran.
834 3275 896 3344 Vgl.
915 3275 1060 3330 Kasimir
1077 3274 1314 3330 Twardowski:
1339 3274 1403 3328 Ideo

256 3365 311 3417 und
329 3363 497 3432 Perception.
516 3364 583 3418 Eine
597 3365 950 3420 erkenntnisstheoretische
963 3364 1173 3434 Untersuchung
1186 3382 1236 3420 aus
1246 3365 1402 3419 Descartes.

257 3453 346 3507 Wien.
367 3453 443 3507 1892.
464 3452 490 3507 S.
499 3454 543 3508 46.

364 3539 399 3608 ⁴⁰)
418 3540 496 3596 Nach
514 3541 562 3596 der
578 3543 759 3612 popularem
769 3544 893 3610 Ansicht,
907 3544 1011 3600 welche
1030 3545 1079 3600 das
1096 3543 1220 3600 noetisch
1232 3543 1342 3598 Dunkle
1358 3542 1403 3598 fdr

255 3629 318 3686 klar
333 3631 400 3685 halt.
423 3631 426 3636 '

362 3722 397 3790 ⁴¹)
424 3720 519 3777 Zuerst
543 3722 629 3792 zeigte
653 3722 711 3778 sich
738 3723 786 3779 der
807 3722 924 3778 Irrthum
950 3725 987 3778 im
1010 3724 1133 3790 Denken,
1156 3723 1226 3795 jetzt
1247 3723 1285 3777 im
1307 3722 1400 3788 Lacte,

256 3812 326 3866 donn
343 3829 440 3867 unsere
453 3812 696 3868 Ausdrucksweise
716 3811 822 3868 scheint
838 3813 889 3867 mit
901 3813 974 3867 einer
985 3813 1044 3868 rein
1056 3812 1208 3867 sinnlichen
1220 3811 1401 3866 Erkenntniss

255 3901 535 3957 ubereinzustimmen.

362 3993 398 4060 ⁴²)
416 3993 525 4061 Ldsung
544 3993 593 4047 des
611 3992 669 4047 sich
688 3991 796 4047 hieraus
815 3992 984 4062 argebenden
1002 3993 1134 4049 Zweifels.

361 4082 397 4146 ⁴⁸)
415 4081 555 4136 Wahrend
565 4081 728 4150 dorgannen,
739 4082 791 4136 den
799 4082 1227 4152 Meditationenvorangehenden
1234 4082 1400 4138 Lebenszeit.

361 4170 397 4242 ⁴⁴)
416 4169 449 4226 1).
462 4171 541 4240 neigt,
559 4170 623 4227 dass
633 4170 696 4241 jado
709 4171 841 4227 sinnliche
850 4171 1073 4242 Wahrnehmung
1086 4173 1136 4228 mit
1148 4174 1210 4229 dem
1223 4173 1400 4242 ,Vermtgem
