3204 4874
284 397 346 461 174
723 393 863 448 Meditatic
882 393 990 460 Quinta.

280 591 368 656 illam
402 589 581 675 pertinere,
617 589 764 672 nunquid
791 590 868 656 inde
903 590 1019 656 haberi
1052 591 1153 657 etiam
1186 595 1299 676 potest
1330 614 1430 677 argu-

282 709 429 772 mentum
454 727 517 788 quo
533 704 596 771 Dei
620 705 802 772 existentia
824 707 1057 791 probeturr1⁷)
1094 707 1191 773 Certe
1214 707 1286 774 eius
1308 708 1428 791 ideam,

282 843 400 905 nempe
424 821 512 888 entis
535 843 663 888 summe
686 822 838 907 perfecti,
870 844 934 888 non
964 822 1074 888 minus
1097 823 1185 907 apud
1209 844 1261 888 mc
1285 823 1428 905 invenio,

283 957 381 1019 quam
404 936 513 1003 ideam
538 937 684 1004 cuiusvis
706 940 834 1021 figurae
858 941 917 1004 aut
946 938 1090 1006 numeri:
1119 960 1180 1004 nec
1203 939 1311 1005 minus
1341 941 1430 1007 clarc

282 1055 317 1119 et
341 1053 497 1120 distincte
520 1052 670 1137 intelligo
695 1054 737 1119 ad
761 1053 832 1119 eius
856 1057 1011 1120 naturam
1041 1055 1209 1139 pertinere
1238 1058 1276 1121 ut
1298 1077 1429 1140 semper

283 1168 409 1235 existat
432 1167 548 1253 (actu)
573 1190 671 1252 quam
695 1169 729 1234 id
752 1170 839 1252 quod
864 1170 904 1235 de
928 1168 1038 1252 aliqua
1061 1172 1177 1253 figura,
1206 1174 1265 1237 aut
1293 1193 1429 1238 numero

283 1285 473 1350 demonstro
497 1285 539 1350 ad
563 1285 634 1351 cius
657 1286 794 1367 figurae,
820 1289 879 1351 aut
902 1286 1029 1352 numeri
1050 1290 1205 1353 naturam
1229 1287 1331 1353 etiam
1353 1309 1430 1372 per-

282 1400 404 1480 tinere;
436 1420 475 1467 ac
504 1400 652 1485 proinde,
684 1400 836 1483 quamvis
865 1423 932 1467 non
962 1402 1073 1467 omnia
1096 1423 1181 1485 quae
1205 1402 1429 1488 superioribus

281 1515 374 1582 hisce
407 1516 522 1583 diebus
555 1517 735 1582 meditatus
770 1539 843 1582 sum
876 1537 957 1583 vera
996 1522 1119 1599 essent,
1157 1518 1193 1583 in
1232 1519 1347 1585 eodem
1386 1519 1428 1584 ad

283 1631 453 1697 minimum
494 1632 703 1699 certitudinis
742 1633 848 1715 gradu
880 1655 955 1699 esse
990 1634 1128 1701 deberet
1161 1635 1249 1718 apud
1281 1656 1335 1700 me
1366 1635 1428 1700 Dei

283 1747 473 1829 existentia,
497 1748 532 1813 in
556 1769 619 1830 quo
643 1748 779 1813 fuerunt
794 1747 956 1814 hactenus
971 1749 1231 1816 Mathematicus
1254 1750 1427 1817 veritates.

283 1863 454 1946 Qanquam
493 1884 574 1930 sane
611 1863 674 1930 hoc
712 1864 820 1948 prima
858 1864 968 1931 fronte
1003 1888 1070 1932 non
1104 1868 1157 1931 cst
1189 1867 1320 1933 omnino
1352 1887 1429 1950 per-

282 1979 441 2064 spicuum,
474 1980 533 2045 sed
563 1964 729 2062 quandam
759 1979 974 2064 sophismatis
1005 1981 1149 2065 speciem
1179 1982 1293 2048 refert.
1348 1981 1427 2048 Oirm

282 2095 368 2161 enim
394 2099 548 2162 assuetus
572 2095 633 2160 sim
664 2095 699 2161 in
726 2096 878 2162 omnibus
907 2096 981 2162 aliis
1010 2097 1110 2163 rebus
1141 2097 1353 2164 existentiam
1385 2098 1428 2163 ab

283 2211 429 2277 essentis
459 2210 721 2295 distinguerem)
753 2211 851 2278 facile
881 2211 960 2277 mihi
991 2213 1175 2296 persuadeo
1203 2213 1294 2278 illam
1325 2213 1428 2280 etiam

282 2325 323 2390 ab
356 2326 505 2392 essentia
538 2327 600 2393 Dei
633 2326 762 2411 seiungi
794 2349 902 2412 posse,
938 2330 1038 2410 atque
1070 2329 1119 2394 ita
1150 2329 1258 2395 Deum
1292 2331 1330 2394 ut
1362 2350 1429 2395 non

281 2444 358 2506 actu
381 2440 581 2506 existentem
606 2442 761 2525 cogitari:
793 2443 850 2512 sed
881 2447 994 2509 tamen
1022 2443 1214 2527 diligentius
1238 2445 1424 2511 attendenti

280 2557 318 2621 fit
341 2555 555 2622 manifestum
579 2580 645 2624 non
668 2557 827 2642 magis19)
852 2581 950 2643 posse
974 2559 1189 2626 existentiam
1213 2560 1255 2626 ab
1279 2560 1427 2626 essentia

280 2671 359 2737 Deis
375 2672 534 2756 separari,
574 2694 672 2756 quam
706 2674 748 2739 ab
783 2674 930 2741 essentia
968 2675 1127 2758 trianguli
1161 2675 1426 2759 magnitudinem

280 2787 381 2853 trium
414 2788 485 2854 eius
518 2789 713 2872 angulorum
747 2789 933 2873 aequalium
969 2790 1095 2857 duobus
1128 2791 1243 2873 rectis,
1279 2792 1351 2858 sive
1385 2791 1428 2856 ab

281 2903 357 2969 idea
387 2903 511 2970 montis
543 2905 653 2970 ideam
686 2905 798 2985 vallis;
838 2905 920 2971 adeo
953 2908 992 2971 ut
1023 2928 1089 2972 non
1121 2907 1230 2990 magis
1263 2910 1430 2992 repugnet

280 3019 387 3085 Deum
417 3019 567 3102 cogitare
600 3018 676 3103 (hoc
706 3025 760 3087 est
788 3042 847 3086 cns
876 3043 1002 3087 summe
1025 3021 1226 3116 perfectum)
1258 3023 1309 3088 cui
1341 3022 1430 3088 desit

281 3133 462 3201 existentia
486 3133 562 3218 (hoc
586 3139 638 3202 est
658 3136 710 3201 cui
727 3135 814 3202 desit
829 3135 941 3219 aliqua
955 3137 1131 3222 perfectio)
1156 3159 1255 3221 quam
1279 3137 1428 3221 cogitare

280 3253 427 3316 montem
458 3251 509 3316 cui
535 3251 622 3317 desit
644 3252 750 3318 vallis.
798 3253 1038 3318 Verumtamen
1067 3274 1109 3318 nc
1139 3254 1264 3338 possim
1295 3253 1426 3337 quidem

281 3367 430 3449 cogitare
469 3368 576 3433 Deum
615 3367 679 3432 nisi
718 3367 930 3448 existentem,
969 3370 1007 3434 ut
1038 3389 1145 3452 neque
1177 3372 1324 3435 montem
1355 3368 1429 3434 sine

281 3481 378 3561 valle,
410 3485 446 3547 at
470 3486 561 3548 certe
584 3486 622 3549 ut
644 3504 751 3565 neque
775 3505 818 3549 ex
842 3504 881 3550 co
905 3484 992 3567 quod
1015 3485 1159 3567 cogitem
1183 3488 1329 3551 montem
1353 3505 1429 3551 cum

280 3598 376 3677 valle,
409 3597 483 3664 ideo
515 3598 665 3681 sequitur
695 3598 837 3681 aliquem
870 3602 1017 3666 montem
1046 3600 1081 3664 in
1111 3601 1232 3667 mundo
1264 3621 1348 3681 esse,
1377 3599 1428 3666 ita

372 3777 406 3843 17)
428 3776 533 3844 Beginn
552 3777 601 3832 des
619 3776 763 3843 vierten,
783 3776 847 3830 oder
865 3775 936 3830 nach
954 3777 1067 3831 anderer
1084 3776 1205 3846 Zdhlung
1223 3777 1323 3832 dritten
1341 3780 1429 3832 carte-

279 3864 432 3920 sianischen
452 3864 690 3920 Gottesbeweises.

295 3945 296 3948 ¹
371 3952 405 4024 18)
417 3952 919 4023 DieseTrennungwirdPr.ph.l,§16
930 3955 972 4008 als
981 3953 1251 4025 „praejudicium“
1261 3953 1430 4009 bezeichnet.

279 4041 339 4096 Wir
350 4041 411 4096 sind
424 4041 559 4111 gewthnt,
571 4043 600 4096 in
614 4042 665 4096 den
680 4042 873 4111 geschaffenen
882 4042 989 4111 Dingen
998 4044 1100 4098 Wesen
1112 4044 1167 4098 und
1179 4044 1281 4098 Dasein
1293 4061 1326 4097 zu
1338 4046 1431 4098 unter-

279 4130 415 4197 scheiden,
425 4131 460 4185 da
472 4132 512 4186 sie
525 4131 595 4187 auch
606 4131 682 4186 nicht
695 4131 826 4186 existiren
838 4132 960 4186 kdnnten
965 4153 972 4198 ;
985 4133 1014 4186 in
1023 4132 1089 4188 eota
1097 4132 1205 4188 verhtlt
1214 4150 1245 4186 es
1253 4131 1313 4186 sich
1322 4133 1432 4190 anders.
