3212 4872
166 369 168 373 ’
279 397 341 462 132
722 391 862 447 nerium
880 390 977 452 usas.

278 589 464 656 examinem
494 596 560 673 qua
588 589 718 656 ratione
748 589 856 655 ideam
887 589 987 655 istam
1016 589 1129 655 aDeo
1160 588 1283 675 accepi,
1315 611 1421 674 neque

278 706 366 773 enim
388 706 479 771 illam
503 705 655 772 sensibus
683 704 837 790 hausi,⁸⁸)
870 726 930 771 nec
960 709 1105 788 unquam
1135 727 1201 772 non
1228 707 1422 791 expectanti

277 822 357 887 mihi
387 820 581 905 adveniam)
614 826 652 888 ut
685 821 792 888 solent
824 842 935 888 rerum
971 821 1174 887 sensibilium
1207 821 1313 903 ideae,
1348 826 1421 889 cum

276 938 362 1004 istae
385 959 440 1004 res
464 937 614 1004 externis
637 959 793 1004 sensuum
809 937 944 1022 organis
960 940 1146 1019 occurrunt,
1173 939 1225 1004 vel
1247 959 1421 1004 occurrere

276 1054 445 1134 videntum
480 1076 541 1120 nec
572 1054 674 1121 etiam
707 1074 727 1119 a
757 1075 809 1120 me
842 1053 955 1120 efficta
984 1057 1046 1137 est,
1081 1075 1157 1120 nam
1186 1053 1267 1119 nihil
1295 1056 1336 1121 ab
1364 1055 1421 1120 illa

277 1171 465 1253 detrahere,
489 1169 571 1236 nihil
593 1170 640 1235 illi
658 1170 881 1255 superaddere
896 1170 994 1255 plane
1009 1170 1203 1255 possum,⁹⁰)
1229 1190 1267 1237 ao
1283 1171 1420 1255 proinde
1466 1160 1469 1168 ’

276 1291 430 1372 superest
453 1291 490 1354 ut
513 1286 594 1352 mihi
617 1287 662 1353 sit
685 1286 810 1368 innata,
836 1287 1110 1369 quemadmodum
1139 1286 1241 1352 etiarn
1264 1286 1345 1353 mihi
1369 1291 1421 1354 est

275 1402 392 1469 innata
421 1403 497 1470 idea
527 1402 592 1469 mei
622 1402 737 1488 ipsius.
791 1403 836 1468 Et
864 1424 944 1470 sane
975 1424 1041 1468 non
1071 1402 1190 1468 mirum
1221 1406 1283 1485 est,
1315 1404 1420 1469 Deum

275 1540 328 1585 me
353 1519 495 1586 creando
519 1519 628 1585 ideam
651 1518 742 1584 illam
768 1518 849 1583 mihi
873 1518 1042 1600 indidisse,
1072 1521 1110 1584 ut
1140 1522 1232 1585 esset
1261 1522 1420 1602 tanquam

275 1639 356 1702 nota
379 1635 516 1702 artificis
540 1635 632 1721 operi
655 1657 714 1702 suo
737 1634 966 1720 impressa391)
991 1656 1053 1702 nec
1077 1635 1178 1701 etiam
1202 1641 1285 1721 opus
1308 1639 1420 1702 estut

276 1755 355 1819 note
378 1753 434 1818 illa
457 1753 502 1819 sit
526 1753 636 1836 aliqua
658 1775 714 1819 res
737 1753 778 1818 ab
802 1773 901 1836 opere
924 1751 995 1836 ipso
1021 1752 1163 1834 diversa,
1195 1751 1255 1817 sed
1285 1773 1327 1818 ex
1358 1751 1420 1818 hoo

275 1889 340 1935 uno
374 1869 461 1951 quod
495 1870 585 1935 Deus
623 1890 677 1935 me
715 1867 853 1950 creavit,
892 1868 989 1934 valde
1028 1868 1184 1934 credibile
1224 1868 1327 1953 estc)
1367 1889 1419 1934 me

276 1983 515 2066 quodammodo
554 1984 597 2050 ad
631 1985 810 2068 imaginem
843 1987 878 2050 et
910 1983 1158 2050 similitudinem
1191 1983 1261 2050 eius
1294 1985 1419 2051 factum

276 2119 360 2181 esse,
390 2100 546 2184 illamque
577 2100 835 2184 similitudinem,
866 2100 901 2166 in
932 2122 997 2184 qua
1023 2101 1085 2167 Dei
1114 2101 1190 2167 idea
1221 2099 1417 2183 continetur,

275 2237 371 2283 ame
394 2217 520 2302 percipi
549 2218 771 2302 pereundam
800 2217 1007 2298 facultatem,
1036 2239 1097 2302 per
1127 2238 1225 2300 quam
1255 2238 1318 2300 ego
1347 2217 1418 2301 ipse

275 2355 295 2399 a
317 2355 370 2400 me
394 2333 572 2419 percipior:
604 2333 666 2400 hoc
697 2337 759 2415 est,
791 2335 868 2399 dum
897 2333 931 2399 in
955 2355 1008 2400 me
1035 2334 1144 2417 ipsum
1166 2333 1289 2400 mentis
1313 2332 1417 2398 aciem

275 2454 443 2532 converto,
469 2473 532 2517 non
555 2451 652 2516 modo
676 2449 824 2532 intelligo
848 2470 901 2516 me
925 2471 998 2516 esse
1021 2471 1093 2516 rem
1116 2449 1359 2534 incompletam,
1384 2452 1418 2514 et

276 2567 317 2631 ab
341 2567 405 2633 alio
436 2567 687 2651 dependentem,
717 2587 853 2649 remque
884 2566 927 2631 ad
956 2564 1084 2631 maiora
1114 2569 1149 2632 et
1179 2564 1316 2647 maiora,
1347 2563 1417 2630 sive

276 2680 412 2747 meliora
449 2681 620 2748 indefinite
658 2681 872 2767 aspirantem,
912 2682 971 2747 sed
1007 2681 1102 2747 simul
1136 2680 1237 2747 etiam
1268 2680 1417 2775 intelligo

273 2796 375 2876 illum,
400 2817 420 2861 a
444 2818 507 2879 quo
530 2797 669 2881 pendeo,
700 2797 827 2864 maiora
856 2796 923 2863 ista
953 2797 1064 2864 omnia
1094 2820 1160 2864 non
1189 2797 1359 2864 indefinite
1384 2799 1418 2863 et

257 2911 425 2998 ‚potentia
447 2915 588 2994 tanturn,
616 2912 676 2979 sed
698 2913 809 2998 reipsa
831 2913 959 2979 infinite
982 2913 1017 2979 in
1042 2935 1077 2980 se
1103 2914 1287 2997 habere,⁹⁸)
1318 2917 1441 2995 atquc.

274 3145 471 3200 unentwickelt
483 3147 548 3200 oder
560 3144 725 3211 entwickelt,
745 3163 805 3200 zum
817 3145 965 3215 Ausgange
983 3147 1038 3202 und
1056 3148 1130 3216 frdgt
1145 3147 1216 3203 nach
1229 3148 1276 3202 der
1288 3147 1416 3202 Ursache.

275 3235 392 3289 Stammt
410 3234 484 3288 diese
502 3235 566 3288 Ides
584 3235 659 3290 nieht
676 3253 731 3290 von
749 3235 802 3289 den
819 3235 913 3292 Eltem
932 3236 996 3290 oder
1014 3236 1120 3302 Ahnen,
1143 3255 1174 3292 so
1197 3236 1272 3291 kann
1290 3255 1341 3292 nur
1358 3237 1417 3291 eine

274 3322 399 3376 wirklich
417 3323 581 3377 existirende
600 3325 714 3392 geistige
727 3325 867 3392 Substanz,
885 3326 1004 3380 nfimlich
1017 3326 1083 3381 Gott
1095 3325 1183 3381 salbst
1200 3325 1417 3394 dieseWirlrung

274 3412 484 3480 hervorgerufen
503 3411 599 3465 haben.

384 3502 419 3569 ⁸⁸)
437 3501 488 3554 Die
507 3499 588 3555 Sinna
605 3501 701 3556 fdhren
720 3520 771 3558 nur
788 3504 926 3560 mittelbar
943 3523 989 3559 zur
1007 3505 1172 3560 Gottesidee.

372 3588 416 3658 ‚⁸⁹)
435 3590 486 3644 Die
499 3589 656 3646 Gottesidee
668 3593 734 3646 wird
753 3593 829 3647 nicht
840 3593 1003 3649 willlrdrlioh
1020 3596 1075 3649 und
1093 3594 1283 3664 gelegentlich
1301 3595 1416 3650 sondem

273 3681 324 3734 mit
341 3679 527 3734 Bewusstsein
545 3681 600 3734 und
618 3680 734 3736 Absioht
751 3682 878 3750 gebildet.

383 3769 417 3837 ⁹⁰)
436 3769 561 3824 lnsofern
574 3769 616 3823 die
629 3769 785 3825 Gottesidee
800 3771 843 3824 die
855 3770 969 3826 huchste
981 3771 1049 3826 aller
1061 3773 1218 3828 denkbaren
1230 3774 1312 3829 Ideen
1324 3774 1416 3840 bildet,

232 3901 233 3904 η
273 3857 341 3925 liegt
360 3875 390 3912 es
407 3857 436 3910 in
453 3857 539 3912 ihrem
550 3858 661 3925 wesen,
680 3859 745 3915 dass
763 3860 802 3914 sie
821 3859 849 3913 in
868 3860 926 3914 sich
940 3862 1025 3930 vollig
1038 3863 1250 3931 abgeschlossen
1262 3865 1321 3920 sein
1332 3881 1416 3919 muss.

273 3948 338 4002 Dies
363 3947 414 4016 gilt
439 3947 503 4002 aber
527 3966 578 4002 nur
595 3967 658 4004 vom
676 3949 867 4017 logisohen
887 3950 1102 4020 Gottesbegriffe,
1130 3953 1176 4007 der
1200 3952 1416 4023 empirische

274 4036 470 4104 Gottesbegriff
479 4037 624 4092 schwankt
635 4038 770 4094 zwisohen
781 4041 846 4108 grob
859 4041 1019 4097 sinnliohem
1031 4042 1226 4099 Fetisohismus
1238 4045 1293 4098 und
1305 4043 1418 4099 feinster

273 4125 449 4198 Metaphysik
466 4126 514 4180 hin
532 4129 587 4182 und
605 4128 661 4194 her,
684 4128 713 4199 ja
738 4147 767 4183 er
789 4129 826 4184 ist
848 4130 923 4185 nicht
942 4131 1041 4187 einmal
1063 4131 1106 4186 bei
1126 4134 1169 4188 ein
1186 4134 1241 4188 und
1261 4133 1417 4190 demselben
