<?xml version="1.0" encoding="UTF-8"?>
<!DOCTYPE html PUBLIC "-//W3C//DTD XHTML 1.0 Transitional//EN"
    "http://www.w3.org/TR/xhtml1/DTD/xhtml1-transitional.dtd">
<html xmlns="http://www.w3.org/1999/xhtml" xml:lang="en" lang="en">
 <head>
  <title>
</title>
<meta http-equiv="Content-Type" content="text/html;charset=utf-8" />
  <meta name='ocr-system' content='tesseract 3.04.00' />
  <meta name='ocr-capabilities' content='ocr_page ocr_carea ocr_par ocr_line ocrx_word'/>
</head>
<body>
  <div class='ocr_page' id='page_1' title='image "./meditationesdep01gtgoog_0257.png"; bbox 0 0 3186 4870; ppageno 0'>
   <div class='ocr_carea' id='block_1_1' title="bbox 701 376 1350 447">
    <p class='ocr_par' dir='ltr' id='par_1_1' title="bbox 701 376 1350 447">
     <span class='ocr_line' id='line_1_1' title="bbox 701 376 1350 447; baseline -0.008 0"><span class='ocrx_word' id='word_1_1' title='bbox 701 376 851 447; x_wconf 79' lang='lat' dir='ltr'>Appendix.</span> <span class='ocrx_word' id='word_1_2' title='bbox 1285 378 1350 444; x_wconf 77' lang='lat'>245</span> 
     </span>
    </p>
   </div>
   <div class='ocr_carea' id='block_1_2' title="bbox 202 572 1350 890">
    <p class='ocr_par' dir='ltr' id='par_1_2' title="bbox 202 572 1350 890">
     <span class='ocr_line' id='line_1_2' title="bbox 203 572 1350 660; baseline -0.004 -18"><span class='ocrx_word' id='word_1_3' title='bbox 203 575 274 642; x_wconf 90' lang='lat' dir='ltr'>sive</span> <span class='ocrx_word' id='word_1_4' title='bbox 298 596 318 641; x_wconf 91' lang='lat' dir='ltr'>a</span> <span class='ocrx_word' id='word_1_5' title='bbox 341 596 395 641; x_wconf 89' lang='lat' dir='ltr'>me</span> <span class='ocrx_word' id='word_1_6' title='bbox 418 575 500 660; x_wconf 87' lang='lat' dir='ltr'>ipso,</span> <span class='ocrx_word' id='word_1_7' title='bbox 527 574 689 657; x_wconf 82' lang='lat' dir='ltr'><strong>siquidem</strong></span> <span class='ocrx_word' id='word_1_8' title='bbox 713 575 853 640; x_wconf 79' lang='lat' dir='ltr'>habeam</span> <span class='ocrx_word' id='word_1_9' title='bbox 878 573 978 639; x_wconf 90' lang='lat' dir='ltr'>istam</span> <span class='ocrx_word' id='word_1_10' title='bbox 1005 573 1084 653; x_wconf 87' lang='lat' dir='ltr'>vim,</span> <span class='ocrx_word' id='word_1_11' title='bbox 1114 573 1185 639; x_wconf 86' lang='lat' dir='ltr'>sive</span> <span class='ocrx_word' id='word_1_12' title='bbox 1209 573 1250 638; x_wconf 89' lang='lat' dir='ltr'>ab</span> <span class='ocrx_word' id='word_1_13' title='bbox 1275 572 1350 653; x_wconf 91' lang='lat' dir='ltr'>alio,</span> 
     </span>
     <span class='ocr_line' id='line_1_3' title="bbox 203 687 1349 775; baseline -0.003 -18"><span class='ocrx_word' id='word_1_14' title='bbox 203 692 258 775; x_wconf 88' lang='lat' dir='ltr'>qui</span> <span class='ocrx_word' id='word_1_15' title='bbox 280 692 371 757; x_wconf 91' lang='lat' dir='ltr'>illam</span> <span class='ocrx_word' id='word_1_16' title='bbox 395 691 507 772; x_wconf 91' lang='lat' dir='ltr'>habet,</span> <span class='ocrx_word' id='word_1_17' title='bbox 541 689 614 775; x_wconf 87' lang='lat' dir='ltr'>(per</span> <span class='ocrx_word' id='word_1_18' title='bbox 638 711 692 756; x_wconf 89' lang='lat' dir='ltr'>ax.</span> <span class='ocrx_word' id='word_1_19' title='bbox 720 694 748 755; x_wconf 94' lang='grc'>1.</span> <span class='ocrx_word' id='word_1_20' title='bbox 774 693 808 756; x_wconf 92' lang='lat' dir='ltr'>et</span> <span class='ocrx_word' id='word_1_21' title='bbox 832 688 877 773; x_wconf 85' lang='grc'>2.)</span> <span class='ocrx_word' id='word_1_22' title='bbox 903 687 995 771; x_wconf 90' lang='lat' dir='ltr'>atqui</span> <span class='ocrx_word' id='word_1_23' title='bbox 1019 689 1139 768; x_wconf 89' lang='lat' dir='ltr'>existo,</span> <span class='ocrx_word' id='word_1_24' title='bbox 1172 692 1206 754; x_wconf 93' lang='lat' dir='ltr'>et</span> <span class='ocrx_word' id='word_1_25' title='bbox 1235 693 1349 754; x_wconf 89' lang='lat' dir='ltr'>tamen</span> 
     </span>
     <span class='ocr_line' id='line_1_4' title="bbox 202 804 1350 890; baseline -0.003 -18"><span class='ocrx_word' id='word_1_26' title='bbox 202 829 269 874; x_wconf 91' lang='lat' dir='ltr'>non</span> <span class='ocrx_word' id='word_1_27' title='bbox 292 806 398 873; x_wconf 88' lang='lat' dir='ltr'>habeo</span> <span class='ocrx_word' id='word_1_28' title='bbox 421 807 490 871; x_wconf 87' lang='lat' dir='ltr'>vim</span> <span class='ocrx_word' id='word_1_29' title='bbox 514 805 676 890; x_wconf 90' lang='lat' dir='ltr'>meipsum</span> <span class='ocrx_word' id='word_1_30' title='bbox 700 805 930 884; x_wconf 90' lang='lat' dir='ltr'>conservandi,</span> <span class='ocrx_word' id='word_1_31' title='bbox 955 806 992 869; x_wconf 93' lang='lat' dir='ltr'>ut</span> <span class='ocrx_word' id='word_1_32' title='bbox 1015 804 1150 869; x_wconf 90' lang='lat' dir='ltr'>iamiam</span> <span class='ocrx_word' id='word_1_33' title='bbox 1174 804 1350 889; x_wconf 88' lang='lat' dir='ltr'>probatum</span> 
     </span>
    </p>
   </div>
   <div class='ocr_carea' id='block_1_3' title="bbox 201 919 1351 1929">
    <p class='ocr_par' dir='ltr' id='par_1_3' title="bbox 201 919 1351 1929">
     <span class='ocr_line' id='line_1_5' title="bbox 203 919 1350 1005; baseline -0.003 -17"><span class='ocrx_word' id='word_1_34' title='bbox 203 925 265 1002; x_wconf 90' lang='lat' dir='ltr'>est,</span> <span class='ocrx_word' id='word_1_35' title='bbox 297 943 376 1005; x_wconf 79' lang='lat' dir='ltr'>ergo</span> <span class='ocrx_word' id='word_1_36' title='bbox 407 923 449 987; x_wconf 89' lang='lat' dir='ltr'>ab</span> <span class='ocrx_word' id='word_1_37' title='bbox 480 921 544 988; x_wconf 87' lang='lat' dir='ltr'>alio</span> <span class='ocrx_word' id='word_1_38' title='bbox 575 942 764 988; x_wconf 87' lang='lat' dir='ltr'>conserver.</span> <span class='ocrx_word' id='word_1_39' title='bbox 817 920 1009 1000; x_wconf 88' lang='lat' dir='ltr'>Praeterea,</span> <span class='ocrx_word' id='word_1_40' title='bbox 1042 919 1097 986; x_wconf 94' lang='lat' dir='ltr'>ille</span> <span class='ocrx_word' id='word_1_41' title='bbox 1127 923 1147 986; x_wconf 81' lang='lat' dir='ltr'>a</span> <span class='ocrx_word' id='word_1_42' title='bbox 1178 941 1241 1003; x_wconf 92' lang='lat' dir='ltr'>quo</span> <span class='ocrx_word' id='word_1_43' title='bbox 1273 941 1350 985; x_wconf 97' lang='lat' dir='ltr'>con-</span> 
     </span>
     <span class='ocr_line' id='line_1_6' title="bbox 202 1035 1350 1118; baseline -0.002 -16"><span class='ocrx_word' id='word_1_44' title='bbox 202 1058 328 1118; x_wconf 90' lang='lat' dir='ltr'>servor,</span> <span class='ocrx_word' id='word_1_45' title='bbox 368 1037 470 1103; x_wconf 88' lang='lat' dir='ltr'>habet</span> <span class='ocrx_word' id='word_1_46' title='bbox 506 1037 542 1101; x_wconf 88' lang='lat' dir='ltr'>in</span> <span class='ocrx_word' id='word_1_47' title='bbox 575 1057 612 1102; x_wconf 90' lang='lat' dir='ltr'>se</span> <span class='ocrx_word' id='word_1_48' title='bbox 646 1035 842 1116; x_wconf 77' lang='lat' dir='ltr'><strong>formaliter,</strong></span> <span class='ocrx_word' id='word_1_49' title='bbox 882 1037 936 1101; x_wconf 92' lang='lat' dir='ltr'>vel</span> <span class='ocrx_word' id='word_1_50' title='bbox 970 1035 1155 1101; x_wconf 74' lang='lat' dir='ltr'>eminenter</span> <span class='ocrx_word' id='word_1_51' title='bbox 1186 1035 1221 1101; x_wconf 89' lang='lat' dir='ltr'>id</span> <span class='ocrx_word' id='word_1_52' title='bbox 1254 1056 1350 1100; x_wconf 90' lang='lat' dir='ltr'>omne</span> 
     </span>
     <span class='ocr_line' id='line_1_7' title="bbox 202 1150 1350 1237; baseline -0.002 -19"><span class='ocrx_word' id='word_1_53' title='bbox 202 1153 288 1236; x_wconf 94' lang='lat' dir='ltr'>quod</span> <span class='ocrx_word' id='word_1_54' title='bbox 318 1152 353 1218; x_wconf 91' lang='lat' dir='ltr'>in</span> <span class='ocrx_word' id='word_1_55' title='bbox 381 1174 434 1218; x_wconf 89' lang='lat' dir='ltr'>me</span> <span class='ocrx_word' id='word_1_56' title='bbox 463 1156 525 1233; x_wconf 91' lang='lat' dir='ltr'>est,</span> <span class='ocrx_word' id='word_1_57' title='bbox 557 1150 631 1237; x_wconf 86' lang='lat' dir='ltr'>(per</span> <span class='ocrx_word' id='word_1_58' title='bbox 654 1173 708 1218; x_wconf 89' lang='lat' dir='ltr'>ax.</span> <span class='ocrx_word' id='word_1_59' title='bbox 730 1151 776 1236; x_wconf 80' lang='grc'>4.)</span> <span class='ocrx_word' id='word_1_60' title='bbox 808 1151 842 1215; x_wconf 91' lang='lat' dir='ltr'>in</span> <span class='ocrx_word' id='word_1_61' title='bbox 872 1172 925 1217; x_wconf 91' lang='lat' dir='ltr'>me</span> <span class='ocrx_word' id='word_1_62' title='bbox 955 1154 1068 1217; x_wconf 93' lang='lat' dir='ltr'>autem</span> <span class='ocrx_word' id='word_1_63' title='bbox 1098 1154 1151 1216; x_wconf 90' lang='lat' dir='ltr'>est</span> <span class='ocrx_word' id='word_1_64' title='bbox 1180 1150 1350 1235; x_wconf 75' lang='lat' dir='ltr'>perceptio</span> 
     </span>
     <span class='ocr_line' id='line_1_8' title="bbox 201 1265 1351 1353; baseline -0.003 -19"><span class='ocrx_word' id='word_1_65' title='bbox 201 1269 380 1335; x_wconf 90' lang='lat' dir='ltr'>multarum</span> <span class='ocrx_word' id='word_1_66' title='bbox 404 1267 645 1353; x_wconf 82' lang='lat' dir='ltr'>perfectionum</span> <span class='ocrx_word' id='word_1_67' title='bbox 674 1287 758 1350; x_wconf 88' lang='lat' dir='ltr'>quae</span> <span class='ocrx_word' id='word_1_68' title='bbox 789 1267 869 1331; x_wconf 93' lang='lat' dir='ltr'>mihi</span> <span class='ocrx_word' id='word_1_69' title='bbox 901 1266 1030 1347; x_wconf 81' lang='lat' dir='ltr'>desunt,</span> <span class='ocrx_word' id='word_1_70' title='bbox 1061 1266 1224 1349; x_wconf 90' lang='lat' dir='ltr'>simulque</span> <span class='ocrx_word' id='word_1_71' title='bbox 1254 1265 1351 1332; x_wconf 81' lang='lat' dir='ltr'>ideae</span> 
     </span>
     <span class='ocr_line' id='line_1_9' title="bbox 202 1381 1350 1468; baseline -0.003 -18"><span class='ocrx_word' id='word_1_72' title='bbox 202 1385 264 1450; x_wconf 89' lang='lat' dir='ltr'>Dei</span> <span class='ocrx_word' id='word_1_73' title='bbox 288 1384 359 1468; x_wconf 78' lang='lat' dir='ltr'>(per</span> <span class='ocrx_word' id='word_1_74' title='bbox 383 1383 448 1450; x_wconf 89' lang='lat' dir='ltr'>def.</span> <span class='ocrx_word' id='word_1_75' title='bbox 472 1387 501 1449; x_wconf 88' lang='lat'>2.</span> <span class='ocrx_word' id='word_1_76' title='bbox 528 1385 562 1448; x_wconf 94' lang='lat' dir='ltr'>et</span> <span class='ocrx_word' id='word_1_77' title='bbox 586 1381 641 1465; x_wconf 84' lang='lat'>8.),</span> <span class='ocrx_word' id='word_1_78' title='bbox 671 1403 751 1464; x_wconf 85' lang='lat' dir='ltr'>ergo</span> <span class='ocrx_word' id='word_1_79' title='bbox 781 1385 833 1448; x_wconf 89' lang='lat' dir='ltr'>est</span> <span class='ocrx_word' id='word_1_80' title='bbox 861 1382 963 1449; x_wconf 91' lang='lat' dir='ltr'>etiam</span> <span class='ocrx_word' id='word_1_81' title='bbox 987 1381 1021 1446; x_wconf 88' lang='lat' dir='ltr'>in</span> <span class='ocrx_word' id='word_1_82' title='bbox 1044 1381 1110 1464; x_wconf 93' lang='lat' dir='ltr'>illo,</span> <span class='ocrx_word' id='word_1_83' title='bbox 1141 1385 1161 1447; x_wconf 81' lang='lat' dir='ltr'>a</span> <span class='ocrx_word' id='word_1_84' title='bbox 1185 1403 1249 1464; x_wconf 95' lang='lat' dir='ltr'>quo</span> <span class='ocrx_word' id='word_1_85' title='bbox 1273 1403 1350 1447; x_wconf 92' lang='lat' dir='ltr'>con·</span> 
     </span>
     <span class='ocr_line' id='line_1_10' title="bbox 204 1497 1350 1582; baseline -0.002 -18"><span class='ocrx_word' id='word_1_86' title='bbox 204 1519 330 1580; x_wconf 90' lang='lat' dir='ltr'>servor,</span> <span class='ocrx_word' id='word_1_87' title='bbox 367 1499 557 1564; x_wconf 89' lang='lat' dir='ltr'>earumdem</span> <span class='ocrx_word' id='word_1_88' title='bbox 589 1498 831 1582; x_wconf 72' lang='lat' dir='ltr'>perfectionum</span> <span class='ocrx_word' id='word_1_89' title='bbox 866 1497 1046 1582; x_wconf 85' lang='lat' dir='ltr'>perceptio.</span> <span class='ocrx_word' id='word_1_90' title='bbox 1102 1497 1263 1581; x_wconf 90' lang='lat' dir='ltr'>Denique,</span> <span class='ocrx_word' id='word_1_91' title='bbox 1296 1497 1350 1563; x_wconf 93' lang='lat' dir='ltr'>ille</span> 
     </span>
     <span class='ocr_line' id='line_1_11' title="bbox 202 1613 1348 1699; baseline -0.001 -20"><span class='ocrx_word' id='word_1_92' title='bbox 202 1615 289 1680; x_wconf 90' lang='lat' dir='ltr'>idem</span> <span class='ocrx_word' id='word_1_93' title='bbox 313 1636 380 1680; x_wconf 90' lang='lat' dir='ltr'>non</span> <span class='ocrx_word' id='word_1_94' title='bbox 402 1616 515 1698; x_wconf 89' lang='lat' dir='ltr'>potest</span> <span class='ocrx_word' id='word_1_95' title='bbox 538 1614 662 1679; x_wconf 91' lang='lat' dir='ltr'>habere</span> <span class='ocrx_word' id='word_1_96' title='bbox 685 1614 933 1698; x_wconf 86' lang='lat' dir='ltr'>perceptionem</span> <span class='ocrx_word' id='word_1_97' title='bbox 952 1614 1092 1679; x_wconf 89' lang='lat' dir='ltr'>ullarum</span> <span class='ocrx_word' id='word_1_98' title='bbox 1108 1613 1348 1699; x_wconf 89' lang='lat' dir='ltr'>perfectionum</span> 
     </span>
     <span class='ocr_line' id='line_1_12' title="bbox 203 1729 1350 1814; baseline -0.001 -19"><span class='ocrx_word' id='word_1_99' title='bbox 203 1750 287 1812; x_wconf 88' lang='lat' dir='ltr'>quae</span> <span class='ocrx_word' id='word_1_100' title='bbox 315 1729 379 1814; x_wconf 90' lang='lat' dir='ltr'>ipsi</span> <span class='ocrx_word' id='word_1_101' title='bbox 410 1729 529 1810; x_wconf 84' lang='lat' dir='ltr'>desint,</span> <span class='ocrx_word' id='word_1_102' title='bbox 562 1729 633 1795; x_wconf 89' lang='lat' dir='ltr'>sive</span> <span class='ocrx_word' id='word_1_103' title='bbox 661 1750 744 1812; x_wconf 87' lang='lat' dir='ltr'>quas</span> <span class='ocrx_word' id='word_1_104' title='bbox 773 1730 809 1794; x_wconf 92' lang='lat' dir='ltr'>in</span> <span class='ocrx_word' id='word_1_105' title='bbox 840 1750 876 1794; x_wconf 90' lang='lat' dir='ltr'>se</span> <span class='ocrx_word' id='word_1_106' title='bbox 905 1751 971 1795; x_wconf 92' lang='lat' dir='ltr'>non</span> <span class='ocrx_word' id='word_1_107' title='bbox 1000 1729 1125 1795; x_wconf 88' lang='lat' dir='ltr'>habeat</span> <span class='ocrx_word' id='word_1_108' title='bbox 1154 1729 1350 1808; x_wconf 84' lang='lat' dir='ltr'>formaliter,</span> 
     </span>
     <span class='ocr_line' id='line_1_13' title="bbox 201 1843 1349 1929; baseline 0 -20"><span class='ocrx_word' id='word_1_109' title='bbox 201 1845 257 1910; x_wconf 88' lang='lat' dir='ltr'>vel</span> <span class='ocrx_word' id='word_1_110' title='bbox 279 1845 474 1926; x_wconf 89' lang='lat' dir='ltr'>eminenter,</span> <span class='ocrx_word' id='word_1_111' title='bbox 499 1844 572 1929; x_wconf 87' lang='lat' dir='ltr'>(per</span> <span class='ocrx_word' id='word_1_112' title='bbox 595 1866 648 1911; x_wconf 86' lang='lat' dir='ltr'>ax.</span> <span class='ocrx_word' id='word_1_113' title='bbox 668 1843 712 1928; x_wconf 82' lang='lat'>7.)</span> <span class='ocrx_word' id='word_1_114' title='bbox 736 1848 810 1910; x_wconf 83' lang='lat' dir='ltr'>cirm</span> <span class='ocrx_word' id='word_1_115' title='bbox 840 1845 925 1910; x_wconf 88' lang='lat' dir='ltr'>enim</span> <span class='ocrx_word' id='word_1_116' title='bbox 956 1844 1080 1910; x_wconf 88' lang='lat' dir='ltr'>habeat</span> <span class='ocrx_word' id='word_1_117' title='bbox 1102 1845 1170 1909; x_wconf 90' lang='lat' dir='ltr'>vim</span> <span class='ocrx_word' id='word_1_118' title='bbox 1194 1865 1248 1910; x_wconf 91' lang='lat' dir='ltr'>me</span> <span class='ocrx_word' id='word_1_119' title='bbox 1272 1865 1349 1909; x_wconf 91' lang='lat' dir='ltr'>oon·</span> 
     </span>
    </p>
   </div>
   <div class='ocr_carea' id='block_1_4' title="bbox 203 1959 1487 2043">
    <p class='ocr_par' dir='ltr' id='par_1_4' title="bbox 203 1959 1487 2043">
     <span class='ocr_line' id='line_1_14' title="bbox 203 1959 1487 2043; baseline 0 -19"><span class='ocrx_word' id='word_1_120' title='bbox 203 1960 369 2040; x_wconf 88' lang='lat' dir='ltr'>servandi,</span> <span class='ocrx_word' id='word_1_121' title='bbox 393 1960 521 2025; x_wconf 90' lang='lat' dir='ltr'>utiam</span> <span class='ocrx_word' id='word_1_122' title='bbox 545 1960 755 2041; x_wconf 89' lang='lat' dir='ltr'>dictumest,</span> <span class='ocrx_word' id='word_1_123' title='bbox 781 1963 877 2026; x_wconf 79' lang='lat' dir='ltr'>tanto</span> <span class='ocrx_word' id='word_1_124' title='bbox 901 1960 1008 2043; x_wconf 89' lang='lat' dir='ltr'>magis</span> <span class='ocrx_word' id='word_1_125' title='bbox 1032 1960 1173 2026; x_wconf 92' lang='lat' dir='ltr'>haberet</span> <span class='ocrx_word' id='word_1_126' title='bbox 1194 1959 1262 2025; x_wconf 92' lang='lat' dir='ltr'>vim</span> <span class='ocrx_word' id='word_1_127' title='bbox 1287 1959 1350 2025; x_wconf 88' lang='lat' dir='ltr'>sibi</span> <span class='ocrx_word' id='word_1_128' title='bbox 1483 1961 1487 1969; x_wconf 79' lang='grc'><strong>“</strong></span> 
     </span>
    </p>
   </div>
   <div class='ocr_carea' id='block_1_5' title="bbox 200 2075 1349 2161">
    <p class='ocr_par' dir='ltr' id='par_1_5' title="bbox 200 2075 1349 2161">
     <span class='ocr_line' id='line_1_15' title="bbox 200 2075 1349 2161; baseline -0.001 -21"><span class='ocrx_word' id='word_1_129' title='bbox 200 2076 292 2160; x_wconf 89' lang='lat' dir='ltr'>ipsas</span> <span class='ocrx_word' id='word_1_130' title='bbox 316 2075 425 2156; x_wconf 88' lang='lat' dir='ltr'>dandi,</span> <span class='ocrx_word' id='word_1_131' title='bbox 451 2076 479 2141; x_wconf 90' lang='lat' dir='ltr'>si</span> <span class='ocrx_word' id='word_1_132' title='bbox 503 2076 669 2157; x_wconf 84' lang='lat' dir='ltr'>deessent,</span> <span class='ocrx_word' id='word_1_133' title='bbox 694 2075 766 2160; x_wconf 90' lang='lat' dir='ltr'>(per</span> <span class='ocrx_word' id='word_1_134' title='bbox 783 2097 836 2142; x_wconf 90' lang='lat' dir='ltr'>ax.</span> <span class='ocrx_word' id='word_1_135' title='bbox 849 2079 879 2142; x_wconf 90' lang='lat'>8.</span> <span class='ocrx_word' id='word_1_136' title='bbox 894 2079 928 2142; x_wconf 91' lang='lat' dir='ltr'>et</span> <span class='ocrx_word' id='word_1_137' title='bbox 944 2075 988 2160; x_wconf 87' lang='grc'>9.)</span> <span class='ocrx_word' id='word_1_138' title='bbox 1013 2076 1115 2142; x_wconf 89' lang='lat' dir='ltr'>habet</span> <span class='ocrx_word' id='word_1_139' title='bbox 1139 2079 1250 2142; x_wconf 90' lang='lat' dir='ltr'>autem</span> <span class='ocrx_word' id='word_1_140' title='bbox 1274 2096 1349 2161; x_wconf 91' lang='lat' dir='ltr'>per-</span> 
     </span>
    </p>
   </div>
   <div class='ocr_carea' id='block_1_6' title="bbox 202 2191 1460 2276">
    <p class='ocr_par' dir='ltr' id='par_1_6' title="bbox 202 2191 1460 2276">
     <span class='ocr_line' id='line_1_16' title="bbox 202 2191 1460 2276; baseline 0.002 -20"><span class='ocrx_word' id='word_1_141' title='bbox 202 2192 387 2276; x_wconf 89' lang='lat' dir='ltr'>ceptionem</span> <span class='ocrx_word' id='word_1_142' title='bbox 416 2212 530 2257; x_wconf 89' lang='lat' dir='ltr'>earum</span> <span class='ocrx_word' id='word_1_143' title='bbox 558 2191 703 2257; x_wconf 92' lang='lat' dir='ltr'>omnium</span> <span class='ocrx_word' id='word_1_144' title='bbox 728 2191 915 2274; x_wconf 84' lang='lat' dir='ltr'>quaemihi</span> <span class='ocrx_word' id='word_1_145' title='bbox 940 2192 1066 2274; x_wconf 87' lang='lat' dir='ltr'>deesse,</span> <span class='ocrx_word' id='word_1_146' title='bbox 1098 2194 1198 2274; x_wconf 92' lang='lat' dir='ltr'>atque</span> <span class='ocrx_word' id='word_1_147' title='bbox 1221 2191 1256 2257; x_wconf 93' lang='lat' dir='ltr'>iu</span> <span class='ocrx_word' id='word_1_148' title='bbox 1280 2191 1349 2258; x_wconf 93' lang='lat' dir='ltr'>solo</span> <span class='ocrx_word' id='word_1_149' title='bbox 1456 2249 1460 2258; x_wconf 96' lang='lat'>.</span> 
     </span>
    </p>
   </div>
   <div class='ocr_carea' id='block_1_7' title="bbox 201 2306 1349 2506">
    <p class='ocr_par' dir='ltr' id='par_1_7' title="bbox 201 2306 1349 2506">
     <span class='ocr_line' id='line_1_17' title="bbox 202 2306 1349 2392; baseline 0 -21"><span class='ocrx_word' id='word_1_150' title='bbox 202 2307 272 2373; x_wconf 88' lang='lat' dir='ltr'>Deo</span> <span class='ocrx_word' id='word_1_151' title='bbox 296 2327 371 2372; x_wconf 91' lang='lat' dir='ltr'>esse</span> <span class='ocrx_word' id='word_1_152' title='bbox 398 2327 497 2391; x_wconf 91' lang='lat' dir='ltr'>posse</span> <span class='ocrx_word' id='word_1_153' title='bbox 525 2306 684 2391; x_wconf 91' lang='lat' dir='ltr'>concipio,</span> <span class='ocrx_word' id='word_1_154' title='bbox 713 2310 750 2373; x_wconf 91' lang='lat' dir='ltr'>ut</span> <span class='ocrx_word' id='word_1_155' title='bbox 778 2328 857 2372; x_wconf 91' lang='lat' dir='ltr'>mox</span> <span class='ocrx_word' id='word_1_156' title='bbox 879 2307 1055 2392; x_wconf 90' lang='lat' dir='ltr'>probatum</span> <span class='ocrx_word' id='word_1_157' title='bbox 1079 2310 1142 2389; x_wconf 91' lang='lat' dir='ltr'>est,</span> <span class='ocrx_word' id='word_1_158' title='bbox 1172 2327 1251 2389; x_wconf 85' lang='lat' dir='ltr'>ergo</span> <span class='ocrx_word' id='word_1_159' title='bbox 1274 2307 1349 2372; x_wconf 92' lang='lat' dir='ltr'>illas</span> 
     </span>
     <span class='ocr_line' id='line_1_18' title="bbox 201 2423 1302 2506; baseline 0.001 -19"><span class='ocrx_word' id='word_1_160' title='bbox 201 2423 387 2488; x_wconf 85' lang='lat' dir='ltr'>formaliter</span> <span class='ocrx_word' id='word_1_161' title='bbox 406 2423 459 2488; x_wconf 93' lang='lat' dir='ltr'>vel</span> <span class='ocrx_word' id='word_1_162' title='bbox 481 2423 665 2489; x_wconf 89' lang='lat' dir='ltr'>eminenter</span> <span class='ocrx_word' id='word_1_163' title='bbox 685 2423 719 2488; x_wconf 91' lang='lat' dir='ltr'>in</span> <span class='ocrx_word' id='word_1_164' title='bbox 743 2445 779 2489; x_wconf 90' lang='lat' dir='ltr'>se</span> <span class='ocrx_word' id='word_1_165' title='bbox 803 2424 915 2505; x_wconf 91' lang='lat' dir='ltr'>habet,</span> <span class='ocrx_word' id='word_1_166' title='bbox 940 2428 1041 2506; x_wconf 91' lang='lat' dir='ltr'>atque</span> <span class='ocrx_word' id='word_1_167' title='bbox 1061 2423 1110 2489; x_wconf 88' lang='lat' dir='ltr'>ita</span> <span class='ocrx_word' id='word_1_168' title='bbox 1131 2426 1184 2489; x_wconf 90' lang='lat' dir='ltr'>est</span> <span class='ocrx_word' id='word_1_169' title='bbox 1203 2424 1302 2489; x_wconf 90' lang='lat' dir='ltr'>Deus.</span> 
     </span>
    </p>
   </div>
   <div class='ocr_carea' id='block_1_8' title="bbox 604 2590 947 2661">
    <p class='ocr_par' dir='ltr' id='par_1_8' title="bbox 604 2590 947 2661">
     <span class='ocr_line' id='line_1_19' title="bbox 604 2590 947 2661; baseline 0.006 -2"><span class='ocrx_word' id='word_1_170' title='bbox 604 2590 947 2661; x_wconf 79' lang='lat' dir='ltr'>GOROLLARIUM.</span> 
     </span>
    </p>
   </div>
   <div class='ocr_carea' id='block_1_9' title="bbox 198 2706 1348 4176">
    <p class='ocr_par' dir='ltr' id='par_1_9' title="bbox 245 2706 1304 3006">
     <span class='ocr_line' id='line_1_20' title="bbox 248 2706 1304 2793; baseline 0.003 -23"><span class='ocrx_word' id='word_1_171' title='bbox 248 2706 372 2771; x_wconf 81' lang='lat' dir='ltr'>Oreuoit</span> <span class='ocrx_word' id='word_1_172' title='bbox 392 2707 480 2770; x_wconf 86' lang='lat' dir='ltr'>Deua</span> <span class='ocrx_word' id='word_1_173' title='bbox 499 2709 620 2772; x_wconf 85' lang='lat' dir='ltr'>coelum</span> <span class='ocrx_word' id='word_1_174' title='bbox 641 2715 669 2772; x_wconf 86' lang='lat' dir='ltr'>et</span> <span class='ocrx_word' id='word_1_175' title='bbox 688 2715 819 2788; x_wconf 81' lang='lat' dir='ltr'>terrum,</span> <span class='ocrx_word' id='word_1_176' title='bbox 841 2717 868 2772; x_wconf 83' lang='lat' dir='ltr'>ct</span> <span class='ocrx_word' id='word_1_177' title='bbox 884 2711 991 2774; x_wconf 82' lang='lat' dir='ltr'>oruuiu</span> <span class='ocrx_word' id='word_1_178' title='bbox 1008 2731 1088 2793; x_wconf 85' lang='lat' dir='ltr'>quoe</span> <span class='ocrx_word' id='word_1_179' title='bbox 1103 2711 1138 2773; x_wconf 90' lang='lat' dir='ltr'>iu</span> <span class='ocrx_word' id='word_1_180' title='bbox 1155 2711 1197 2772; x_wconf 84' lang='lat' dir='ltr'>cie</span> <span class='ocrx_word' id='word_1_181' title='bbox 1213 2716 1304 2789; x_wconf 64' lang='lat' dir='ltr'>suut·</span> 
     </span>
     <span class='ocr_line' id='line_1_21' title="bbox 245 2813 1302 2900; baseline 0.002 -23"><span class='ocrx_word' id='word_1_182' title='bbox 245 2815 437 2898; x_wconf 67' lang='lat' dir='ltr'>insuperque</span> <span class='ocrx_word' id='word_1_183' title='bbox 455 2820 557 2898; x_wconf 83' lang='lat' dir='ltr'>potest</span> <span class='ocrx_word' id='word_1_184' title='bbox 577 2813 699 2896; x_wconf 76' lang='lat' dir='ltr'>efficere</span> <span class='ocrx_word' id='word_1_185' title='bbox 719 2815 755 2877; x_wconf 83' lang='lat' dir='ltr'>id</span> <span class='ocrx_word' id='word_1_186' title='bbox 774 2836 864 2879; x_wconf 80' lang='lat' dir='ltr'>oiuue</span> <span class='ocrx_word' id='word_1_187' title='bbox 888 2816 972 2899; x_wconf 83' lang='lat' dir='ltr'>quod</span> <span class='ocrx_word' id='word_1_188' title='bbox 994 2815 1078 2879; x_wconf 82' lang='lat' dir='ltr'>eluro</span> <span class='ocrx_word' id='word_1_189' title='bbox 1096 2817 1302 2900; x_wconf 82' lang='lat' dir='ltr'>percipimus,</span> 
     </span>
     <span class='ocr_line' id='line_1_22' title="bbox 515 2921 1026 3006; baseline 0.004 -23"><span class='ocrx_word' id='word_1_190' title='bbox 515 2927 615 3004; x_wconf 83' lang='lat' dir='ltr'>prout</span> <span class='ocrx_word' id='word_1_191' title='bbox 636 2921 672 2984; x_wconf 83' lang='lat' dir='ltr'>id</span> <span class='ocrx_word' id='word_1_192' title='bbox 695 2922 800 3004; x_wconf 82' lang='lat' dir='ltr'>ipsum</span> <span class='ocrx_word' id='word_1_193' title='bbox 819 2923 1026 3006; x_wconf 72' lang='lat' dir='ltr'>percipimur.</span> 
     </span>
    </p>

    <p class='ocr_par' dir='ltr' id='par_1_10' title="bbox 631 3057 916 3116">
     <span class='ocr_line' id='line_1_23' title="bbox 631 3057 916 3116; baseline 0.007 -2"><span class='ocrx_word' id='word_1_194' title='bbox 631 3057 916 3116; x_wconf 80' lang='lat' dir='ltr'>DEMONSTRATIO.</span> 
     </span>
    </p>

    <p class='ocr_par' dir='ltr' id='par_1_11' title="bbox 198 3166 1348 4176">
     <span class='ocr_line' id='line_1_24' title="bbox 308 3166 1348 3254; baseline 0.005 -23"><span class='ocrx_word' id='word_1_195' title='bbox 308 3167 401 3232; x_wconf 91' lang='lat' dir='ltr'>Haec</span> <span class='ocrx_word' id='word_1_196' title='bbox 434 3166 545 3233; x_wconf 89' lang='lat' dir='ltr'>omnia</span> <span class='ocrx_word' id='word_1_197' title='bbox 577 3167 666 3233; x_wconf 83' lang='lat' dir='ltr'>clare</span> <span class='ocrx_word' id='word_1_198' title='bbox 699 3171 883 3251; x_wconf 90' lang='lat' dir='ltr'>sequuntur</span> <span class='ocrx_word' id='word_1_199' title='bbox 912 3190 955 3234; x_wconf 91' lang='lat' dir='ltr'>ex</span> <span class='ocrx_word' id='word_1_200' title='bbox 986 3169 1199 3253; x_wconf 88' lang='lat' dir='ltr'>praecedenti</span> <span class='ocrx_word' id='word_1_201' title='bbox 1228 3190 1348 3254; x_wconf 91' lang='lat' dir='ltr'>propo-</span> 
     </span>
     <span class='ocr_line' id='line_1_25' title="bbox 200 3282 1348 3369; baseline 0.002 -20"><span class='ocrx_word' id='word_1_202' title='bbox 200 3283 330 3364; x_wconf 88' lang='lat' dir='ltr'>sitione,</span> <span class='ocrx_word' id='word_1_203' title='bbox 360 3282 397 3347; x_wconf 95' lang='lat' dir='ltr'>in</span> <span class='ocrx_word' id='word_1_204' title='bbox 425 3282 499 3367; x_wconf 91' lang='lat' dir='ltr'>ipsa</span> <span class='ocrx_word' id='word_1_205' title='bbox 529 3282 617 3348; x_wconf 90' lang='lat' dir='ltr'>enim</span> <span class='ocrx_word' id='word_1_206' title='bbox 647 3283 754 3348; x_wconf 90' lang='lat' dir='ltr'>Deum</span> <span class='ocrx_word' id='word_1_207' title='bbox 785 3283 931 3350; x_wconf 84' lang='lat' dir='ltr'>existere</span> <span class='ocrx_word' id='word_1_208' title='bbox 962 3305 1067 3350; x_wconf 90' lang='lat' dir='ltr'>exeo</span> <span class='ocrx_word' id='word_1_209' title='bbox 1095 3284 1271 3369; x_wconf 89' lang='lat' dir='ltr'>probatum</span> <span class='ocrx_word' id='word_1_210' title='bbox 1296 3288 1348 3351; x_wconf 91' lang='lat' dir='ltr'>est</span> 
     </span>
     <span class='ocr_line' id='line_1_26' title="bbox 200 3397 1347 3482; baseline 0.003 -19"><span class='ocrx_word' id='word_1_211' title='bbox 200 3399 287 3480; x_wconf 81' lang='lat' dir='ltr'>quod</span> <span class='ocrx_word' id='word_1_212' title='bbox 304 3398 425 3464; x_wconf 88' lang='lat' dir='ltr'>debeat</span> <span class='ocrx_word' id='word_1_213' title='bbox 440 3397 559 3481; x_wconf 90' lang='lat' dir='ltr'>aliquis</span> <span class='ocrx_word' id='word_1_214' title='bbox 576 3398 722 3464; x_wconf 86' lang='lat' dir='ltr'>existere</span> <span class='ocrx_word' id='word_1_215' title='bbox 737 3399 772 3464; x_wconf 92' lang='lat' dir='ltr'>in</span> <span class='ocrx_word' id='word_1_216' title='bbox 788 3421 852 3482; x_wconf 88' lang='lat' dir='ltr'>quo</span> <span class='ocrx_word' id='word_1_217' title='bbox 868 3400 1064 3481; x_wconf 87' lang='lat' dir='ltr'>formaliter,</span> <span class='ocrx_word' id='word_1_218' title='bbox 1088 3400 1142 3466; x_wconf 91' lang='lat' dir='ltr'>vel</span> <span class='ocrx_word' id='word_1_219' title='bbox 1163 3400 1347 3467; x_wconf 89' lang='lat' dir='ltr'>eminenter</span> 
     </span>
     <span class='ocr_line' id='line_1_27' title="bbox 199 3514 1346 3599; baseline 0.003 -22"><span class='ocrx_word' id='word_1_220' title='bbox 199 3514 269 3578; x_wconf 90' lang='lat' dir='ltr'>sint</span> <span class='ocrx_word' id='word_1_221' title='bbox 298 3535 412 3580; x_wconf 89' lang='lat' dir='ltr'>omnes</span> <span class='ocrx_word' id='word_1_222' title='bbox 442 3514 665 3599; x_wconf 89' lang='lat' dir='ltr'>perfectiones</span> <span class='ocrx_word' id='word_1_223' title='bbox 695 3536 833 3597; x_wconf 89' lang='lat' dir='ltr'>quarum</span> <span class='ocrx_word' id='word_1_224' title='bbox 864 3516 941 3581; x_wconf 91' lang='lat' dir='ltr'>idea</span> <span class='ocrx_word' id='word_1_225' title='bbox 969 3516 1080 3598; x_wconf 88' lang='lat' dir='ltr'>aliqua</span> <span class='ocrx_word' id='word_1_226' title='bbox 1108 3519 1161 3582; x_wconf 89' lang='lat' dir='ltr'>est</span> <span class='ocrx_word' id='word_1_227' title='bbox 1184 3515 1218 3580; x_wconf 95' lang='lat' dir='ltr'>in</span> <span class='ocrx_word' id='word_1_228' title='bbox 1242 3516 1346 3596; x_wconf 91' lang='lat' dir='ltr'>nobis,</span> 
     </span>
     <span class='ocr_line' id='line_1_28' title="bbox 200 3628 1346 3716; baseline 0.003 -24"><span class='ocrx_word' id='word_1_229' title='bbox 200 3630 252 3693; x_wconf 90' lang='lat' dir='ltr'>est</span> <span class='ocrx_word' id='word_1_230' title='bbox 280 3630 392 3693; x_wconf 89' lang='lat' dir='ltr'>autem</span> <span class='ocrx_word' id='word_1_231' title='bbox 422 3628 457 3693; x_wconf 89' lang='lat' dir='ltr'>in</span> <span class='ocrx_word' id='word_1_232' title='bbox 481 3629 576 3695; x_wconf 90' lang='lat' dir='ltr'>nobis</span> <span class='ocrx_word' id='word_1_233' title='bbox 603 3630 680 3696; x_wconf 88' lang='lat' dir='ltr'>idea</span> <span class='ocrx_word' id='word_1_234' title='bbox 709 3634 826 3697; x_wconf 91' lang='lat' dir='ltr'>tantae</span> <span class='ocrx_word' id='word_1_235' title='bbox 857 3631 995 3697; x_wconf 90' lang='lat' dir='ltr'>alieuius</span> <span class='ocrx_word' id='word_1_236' title='bbox 1025 3632 1206 3716; x_wconf 86' lang='lat' dir='ltr'>potentiae,</span> <span class='ocrx_word' id='word_1_237' title='bbox 1237 3636 1275 3697; x_wconf 90' lang='lat' dir='ltr'>ut</span> <span class='ocrx_word' id='word_1_238' title='bbox 1305 3633 1346 3696; x_wconf 88' lang='lat' dir='ltr'>ab</span> 
     </span>
     <span class='ocr_line' id='line_1_29' title="bbox 198 3743 1346 3829; baseline 0.003 -21"><span class='ocrx_word' id='word_1_239' title='bbox 198 3744 254 3810; x_wconf 89' lang='lat' dir='ltr'>illo</span> <span class='ocrx_word' id='word_1_240' title='bbox 279 3744 358 3824; x_wconf 93' lang='lat' dir='ltr'>solo,</span> <span class='ocrx_word' id='word_1_241' title='bbox 382 3743 416 3807; x_wconf 92' lang='lat' dir='ltr'>in</span> <span class='ocrx_word' id='word_1_242' title='bbox 441 3765 505 3826; x_wconf 93' lang='lat' dir='ltr'>quo</span> <span class='ocrx_word' id='word_1_243' title='bbox 529 3745 602 3829; x_wconf 89' lang='lat' dir='ltr'>ipsa</span> <span class='ocrx_word' id='word_1_244' title='bbox 626 3749 688 3828; x_wconf 90' lang='lat' dir='ltr'>est,</span> <span class='ocrx_word' id='word_1_245' title='bbox 714 3748 840 3814; x_wconf 90' lang='lat' dir='ltr'>coelum</span> <span class='ocrx_word' id='word_1_246' title='bbox 859 3750 895 3813; x_wconf 91' lang='lat' dir='ltr'>et</span> <span class='ocrx_word' id='word_1_247' title='bbox 916 3750 1019 3828; x_wconf 90' lang='lat' dir='ltr'>terra,</span> <span class='ocrx_word' id='word_1_248' title='bbox 1044 3751 1107 3813; x_wconf 88' lang='lat' dir='ltr'>etc.</span> <span class='ocrx_word' id='word_1_249' title='bbox 1131 3750 1246 3813; x_wconf 90' lang='lat' dir='ltr'>creata</span> <span class='ocrx_word' id='word_1_250' title='bbox 1268 3747 1346 3826; x_wconf 92' lang='lat' dir='ltr'>siut,</span> 
     </span>
     <span class='ocr_line' id='line_1_30' title="bbox 200 3858 1346 3946; baseline 0.001 -21"><span class='ocrx_word' id='word_1_251' title='bbox 200 3862 234 3925; x_wconf 93' lang='lat' dir='ltr'>et</span> <span class='ocrx_word' id='word_1_252' title='bbox 257 3858 323 3924; x_wconf 88' lang='lat' dir='ltr'>alia</span> <span class='ocrx_word' id='word_1_253' title='bbox 346 3858 448 3924; x_wconf 90' lang='lat' dir='ltr'>etiam</span> <span class='ocrx_word' id='word_1_254' title='bbox 472 3859 582 3925; x_wconf 89' lang='lat' dir='ltr'>omnia</span> <span class='ocrx_word' id='word_1_255' title='bbox 605 3881 691 3942; x_wconf 90' lang='lat' dir='ltr'>quae</span> <span class='ocrx_word' id='word_1_256' title='bbox 721 3864 742 3927; x_wconf 75' lang='lat' dir='ltr'>a</span> <span class='ocrx_word' id='word_1_257' title='bbox 764 3883 817 3927; x_wconf 93' lang='lat' dir='ltr'>me</span> <span class='ocrx_word' id='word_1_258' title='bbox 848 3865 886 3927; x_wconf 94' lang='lat' dir='ltr'>ut</span> <span class='ocrx_word' id='word_1_259' title='bbox 915 3861 1086 3946; x_wconf 89' lang='lat' dir='ltr'>possibilia</span> <span class='ocrx_word' id='word_1_260' title='bbox 1115 3861 1346 3944; x_wconf 85' lang='lat' dir='ltr'>intelliguntur</span> 
     </span>
     <span class='ocr_line' id='line_1_31' title="bbox 199 3974 1347 4059; baseline 0.003 -20"><span class='ocrx_word' id='word_1_261' title='bbox 199 3974 241 4039; x_wconf 92' lang='lat' dir='ltr'>ab</span> <span class='ocrx_word' id='word_1_262' title='bbox 274 3974 390 4040; x_wconf 91' lang='lat' dir='ltr'>eodem</span> <span class='ocrx_word' id='word_1_263' title='bbox 421 3974 494 4040; x_wconf 90' lang='lat' dir='ltr'>fieri</span> <span class='ocrx_word' id='word_1_264' title='bbox 526 3974 669 4059; x_wconf 89' lang='lat' dir='ltr'>possint:</span> <span class='ocrx_word' id='word_1_265' title='bbox 706 3997 786 4059; x_wconf 86' lang='lat' dir='ltr'>ergo</span> <span class='ocrx_word' id='word_1_266' title='bbox 822 3976 920 4042; x_wconf 91' lang='lat' dir='ltr'>simul</span> <span class='ocrx_word' id='word_1_267' title='bbox 958 3998 1031 4042; x_wconf 92' lang='lat' dir='ltr'>cum</span> <span class='ocrx_word' id='word_1_268' title='bbox 1065 3977 1127 4043; x_wconf 93' lang='lat' dir='ltr'>Dei</span> <span class='ocrx_word' id='word_1_269' title='bbox 1165 3977 1347 4044; x_wconf 86' lang='lat' dir='ltr'>existentia</span> 
     </span>
     <span class='ocr_line' id='line_1_32' title="bbox 199 4089 979 4176; baseline 0.005 -21"><span class='ocrx_word' id='word_1_270' title='bbox 199 4090 282 4155; x_wconf 90' lang='lat' dir='ltr'>haec</span> <span class='ocrx_word' id='word_1_271' title='bbox 306 4089 408 4155; x_wconf 91' lang='lat' dir='ltr'>etiam</span> <span class='ocrx_word' id='word_1_272' title='bbox 432 4089 543 4155; x_wconf 90' lang='lat' dir='ltr'>omnia</span> <span class='ocrx_word' id='word_1_273' title='bbox 568 4090 607 4155; x_wconf 90' lang='lat' dir='ltr'>de</span> <span class='ocrx_word' id='word_1_274' title='bbox 632 4090 704 4175; x_wconf 89' lang='lat' dir='ltr'>ipso</span> <span class='ocrx_word' id='word_1_275' title='bbox 727 4092 869 4176; x_wconf 88' lang='lat' dir='ltr'>probata</span> <span class='ocrx_word' id='word_1_276' title='bbox 892 4095 979 4159; x_wconf 88' lang='lat' dir='ltr'>sunt.</span> 
     </span>
    </p>
   </div>
   <div class='ocr_carea' id='block_1_10' title="bbox 0 0 1598 4870">
    <p class='ocr_par' dir='ltr' id='par_1_12' title="bbox 0 0 1598 4870">
     <span class='ocr_line' id='line_1_33' title="bbox 0 0 1598 4870; baseline 0 1"><span class='ocrx_word' id='word_1_277' title='bbox 0 0 1598 4870; x_wconf 95' lang='lat' dir='ltr'> </span> 
     </span>
    </p>
   </div>
  </div>
 </body>
</html>
