3204 4874
543 1225 877 1314 MEDITATIO
915 1225 1153 1336 QUINTA.

491 1394 545 1464 De
572 1397 711 1465 essentia
736 1418 855 1464 reram
882 1387 1146 1478 materialium)
1175 1399 1208 1464 et

565 1505 688 1572 iterum
715 1505 756 1571 de
783 1501 856 1571 Deo
883 1505 973 1594 qaod
999 1505 1129 1572 enatat.

380 1653 496 1750 Multa
527 1680 608 1746 mihi
641 1683 819 1764 supersunt
854 1680 894 1746 de
928 1680 990 1746 Dei
1025 1679 1207 1760 attributis,
1240 1678 1345 1744 multa
1379 1679 1421 1745 de

274 1797 338 1863 mei
369 1797 484 1882 ipsius,
517 1797 588 1862 sive
620 1795 742 1860 mentis
772 1815 867 1861 meae
902 1799 1022 1861 natura
1052 1795 1297 1878 investiganda,
1302 1793 1328 1878 ²)
1362 1795 1421 1860 sed

272 1915 329 1979 illa
367 1912 455 1978 forte
492 1912 576 1978 alias
613 1930 780 1977 resumam
784 1910 872 1995 ‚³)
862 1931 994 1993 iamque
1031 1910 1113 1976 nihil
1152 1910 1261 1994 magis
1299 1930 1421 1993 urgere

273 2028 366 2094 videt
351 2030 406 2093 tur
431 2026 620 2112 (postquam
644 2026 866 2093 animadverti
890 2026 969 2108 quid
985 2026 1169 2092 cavendum
1193 2029 1294 2108 atque
1318 2047 1422 2107 agen-

274 2146 352 2210 dum
381 2143 426 2210 sit
456 2143 498 2209 ad
528 2142 769 2226 assequendam
799 2141 909 2207 verita
889 2141 992 2226 atem)
1026 2162 1125 2224 qnam
1157 2146 1196 2209 ut
1227 2163 1269 2209 ex
1302 2143 1421 2223 dubiis,

273 2261 308 2325 in
347 2280 431 2342 quae
469 2258 693 2342 superioribus
737 2257 853 2323 diebus
895 2257 1010 2338 ineidi,
1054 2278 1154 2323 coner
1197 2280 1384 2341 emergere,
1391 2263 1420 2334 4)

274 2358 470 2456 videamque
503 2394 546 2438 an
576 2372 698 2456 aliquid
729 2375 813 2438 certi
786 2372 884 2437 tide
915 2372 1015 2438 rebus
1045 2374 1273 2440 materialibus
1303 2373 1420 2440 haberi

274 2490 389 2576 possit
394 2491 422 2572 ⁶)
467 2489 513 2554 Ε)
535 2488 667 2571 quidem
691 2487 883 2573 priusquam
912 2487 1077 2571 inquiram
1108 2510 1151 2555 an
1175 2491 1306 2574 aliquae
1333 2490 1421 2556 tales

274 2627 329 2672 res
352 2608 450 2671 extra
474 2625 527 2670 me
558 2604 647 2670 exist
648 2625 691 2669 an
692 2602 747 2688 t,⁶)
778 2603 990 2669 considerare
1021 2604 1124 2671 debeo
1154 2605 1286 2670 illarum
1315 2605 1419 2685 ideas,

274 2726 438 2805 quatenus
468 2719 583 2786 sunt
574 2741 609 2785 m
639 2741 715 2785 mea
745 2719 1008 2803 cogitationes
1010 2721 1162 2788 tvidere
1191 2743 1354 2804 quaenam
1377 2743 1421 2786 ex

274 2838 314 2904 iis
349 2837 418 2904 sint
451 2835 639 2916 distinctae,
674 2856 838 2918 quaenam
873 2835 1041 2902 eonfusae
1099 2837 1229 2921 Nempe
1263 2837 1330 2903 dist
1331 2837 1421 2902 inste

274 2952 437 3036 imaginor
476 2951 709 3034 quantitatem,
749 2972 848 3035 qnam
886 2951 986 3034 vulgo
1025 2951 1216 3037 Philosophi
1253 2953 1424 3037 appellant

274 3069 474 3148 continuam,
508 3067 579 3132 sive
608 3067 680 3133 eius
713 3067 827 3150 quanti
817 3067 921 3147 itatis,
958 3070 1017 3133 aut
1049 3068 1159 3151 potins
1191 3068 1240 3133 rei
1276 3070 1423 3151 quantae

275 3183 541 3251 extensionem
532 3204 567 3246 m
589 3183 734 3265 longum,
763 3183 877 3263 latum,
909 3186 944 3248 et
973 3182 1187 3267 profundum;
1218 3205 1356 3249 numero
1386 3183 1422 3248 in

274 3306 314 3365 ea
348 3297 460 3364 varias
494 3301 572 3381 part
573 3319 623 3376 es;
664 3298 871 3380 quaslibet
861 3319 890 3362 rs
892 3298 937 3363 tis
971 3300 1048 3382 part
1033 3297 1122 3363 tibus
1161 3299 1420 3381 magnitudines

273 3417 408 3547 ligures,
436 3413 531 3492 sitne,
562 3416 598 3478 et
620 3416 729 3479 motus
752 3413 884 3494 locales,
913 3413 1122 3495 motibusque
1149 3414 1224 3480 istis
1255 3414 1423 3497 quaslibet

383 3607 403 3675 4)
424 3607 514 3662 Ueber
531 3607 574 3660 die
593 3606 762 3676 ktrperliche
781 3607 939 3662 Substanz'
931 3624 969 3660 uu
987 3605 1185 3674 Allgemeinen.

381 3698 403 3768 ²)
422 3697 454 3752 D.
466 3697 582 3751 erkennt
593 3715 635 3762 an,
649 3699 713 3752 dass
725 3697 818 3752 bisher
829 3717 879 3752 nur
891 3697 940 3752 das
953 3696 1068 3751 Denken
1081 3695 1123 3750 als
1131 3696 1234 3751 Wesen
1246 3698 1295 3751 des
1305 3696 1424 3762 Geistes,

274 3790 323 3844 das
341 3787 443 3842 Dasein
462 3787 567 3852 Gottes,
586 3787 641 3840 und
659 3789 709 3840 unt
710 3805 739 3841 er
697 3787 809 3841 tden
822 3786 988 3851 Attributen,
1007 3787 1108 3840 dessen
1125 3785 1359 3855 Wahrhaftigkeit
1377 3785 1425 3838 be-

275 3879 375 3932 nissen
393 3877 441 3932 sei

298 3963 299 3966 ’
382 3964 454 4034 ⁸)In
474 3965 526 4020 den
544 3965 648 4019 Prino.
662 3962 780 4034 philos.
796 3963 872 4017 1644.

380 4055 404 4123 4)
423 4055 529 4124 Knt'rpft
547 4072 582 4108 an
601 4054 650 4107 das
668 4053 729 4106 Bild
747 4069 810 4106 vom
830 4051 968 4106 Strudel'
959 4070 998 4107 nn
1016 4051 1121 4120 Beginn
1141 4051 1188 4104 der
1205 4050 1319 4105 aweiten
1338 4050 1424 4104 Medi·

273 4145 360 4200 tation
382 4143 418 4213 (p,
432 4142 477 4212 66)
499 4160 542 4197 an.
