3204 4874
282 418 344 482 172
721 410 989 477 1616116166.

280 610 398 693 Neque
418 609 461 676 ad
480 630 551 675 rem
571 609 704 690 attinet,
725 609 754 674 si
774 609 892 690 dicam,
916 607 997 674 mihi
1017 607 1106 674 forte
1122 628 1143 674 a
1159 607 1259 674 rebus
1281 607 1430 673 externis

280 746 340 810 per
362 744 490 809 organa
512 745 669 791 sensuum
694 724 794 790 istam
819 724 979 807 trianguli
1003 723 1113 790 ideam
1139 722 1326 804 advenisse,
1352 723 1431 805 quia

280 862 398 926 nempe
419 860 558 925 corpora
573 839 813 922 triangularem
830 841 970 922 figuram
987 839 1147 905 habentia
1161 838 1329 905 interdum
1345 838 1429 918 vidi;

280 977 414 1042 possum
438 956 526 1022 enim
549 955 633 1021 alias
655 955 847 1020 innumeras
870 957 995 1038 figuras
1019 955 1223 1038 excogitare,
1248 954 1289 1020 de
1312 955 1431 1037 quibus

281 1073 371 1138 nulla
398 1071 542 1156 suspicio
565 1091 640 1136 esse
671 1072 784 1155 potest
814 1070 902 1152 quod
934 1069 1015 1135 mihi
1048 1090 1191 1153 unquam
1222 1091 1283 1155 per
1313 1090 1431 1136 sensus

280 1188 418 1271 illapsae
440 1185 565 1270 6111111)
590 1188 625 1251 61
647 1188 761 1251 tamen
776 1183 890 1251 varias
914 1185 954 1251 de
978 1185 1029 1266 iis,
1054 1208 1120 1252 non
1144 1185 1252 1252 minus
1273 1186 1431 1268 quamde

280 1303 458 1385 triangulo,
482 1301 706 1387 proprietates
730 1300 976 1367 demonstrare:
1001 1322 1087 1384 quae
1111 1322 1192 1369 sane
1216 1297 1331 1368 omnes
1352 1307 1432 1367 sunt

281 1438 393 1499 verae,
412 1416 677 1500 quandoquidem
701 1437 722 1481 a
744 1436 798 1482 me
823 1416 912 1482 clare
931 1419 1186 1498 cognoscuntur,
1207 1416 1347 1499 ideoque
1370 1415 1431 1482 ali-

282 1532 360 1616 quid
390 1535 478 1612 sunt,
510 1554 575 1598 non
605 1552 732 1598 merum
762 1531 858 1598 nihil:
892 1534 988 1616 patet
1010 1531 1098 1598 enim
1118 1531 1199 1598 illud
1222 1552 1319 1599 omne
1343 1533 1430 1615 quod

282 1670 398 1716 verum
429 1650 481 1714 est
511 1669 586 1714 esse
616 1644 807 1732 aliquid31³)
842 1649 877 1712 et
904 1646 973 1713 iam
1007 1647 1082 1713 fuse
1115 1647 1343 1714 demonstravi
1373 1647 1431 1712 illa

282 1766 393 1833 omnia
423 1784 507 1848 quae
539 1763 629 1829 clare
658 1784 821 1845 cognosco
853 1783 927 1829 ease
955 1782 1052 1842 vera;
1083 1765 1183 1846 atque
1214 1763 1366 1845 quamvis
1395 1762 1429 1828 id

282 1903 348 1948 non
369 1881 661 1960 demonstrassem,
683 1898 723 1945 ea
743 1881 835 1944 certe
856 1880 909 1943 est
932 1881 1053 1944 natura
1077 1879 1199 1945 mentis
1222 1878 1368 1963 meae14)
1393 1882 1431 1945 ut

281 1995 493 2063 nihilominus
516 2017 581 2062 non
605 2015 737 2079 possem
760 1994 803 2058 116
827 2015 893 2060 non
923 1993 1091 2075 assentiri,
1123 1994 1242 2061 saltem
1273 1994 1430 2077 quamdiu

282 2132 322 2178 ea
345 2113 433 2178 clare
456 2111 618 2196 percipio;
649 2109 848 2192 meminique
879 2130 932 2175 me
955 2130 1097 2195 semper,
1128 2110 1230 2176 etiam
1260 2114 1339 2176 ante
1366 2110 1430 2178 hoo

282 2231 424 2312 tempus,
455 2231 528 2293 611111
560 2247 716 2292 sensuum
745 2225 884 2291 obiectis
913 2246 1011 2308 quam
1039 2226 1185 2292 maxime
1207 2225 1428 2307 inhaererem,

283 2341 443 2409 eiusmodi
482 2341 654 2421 veritates,
694 2361 779 2423 quae
817 2362 936 2426 nempe
969 2342 1010 2407 de
1041 2341 1157 2424 figuris
1191 2344 1250 2407 aut
1282 2341 1429 2406 numeris

283 2458 400 2524 aliisve
431 2457 473 2522 ad
503 2456 770 2537 Arithmeticam,
801 2456 855 2522 vel
885 2455 1118 2538 Geometriam,
1152 2458 1206 2522 vel
1239 2456 1274 2522 in
1307 2477 1431 2539 genere

283 2572 325 2638 ad
357 2593 475 2656 puram
508 2576 609 2655 atque
641 2571 847 2638 abstractam
876 2571 1055 2638 Mathesim
1085 2572 1330 2656 pertinentibus
1360 2572 1431 2638 evi-

283 2689 401 2754 denter
440 2688 672 2770 agnoscebam,
711 2708 771 2770 pro
805 2688 948 2754 omniurn
984 2687 1179 2755 certissimis
1214 2686 1430 2772 habuisse.¹⁵)

282 2805 352 2870 Iam
376 2802 507 2888 verol⁶)
532 2803 560 2868 61
584 2824 627 2869 ex
651 2824 690 2869 eo
714 2804 794 2885 6616,
827 2804 913 2886 quod
937 2803 1076 2869 alicuius
1099 2803 1147 2870 rei
1171 2803 1281 2869 ideam
1305 2803 1431 2888 possim

283 2941 326 2986 ex
349 2919 552 3002 cogitatione
576 2895 650 2985 mea
674 2919 878 3003 depromere,
908 2919 1058 3001 sequitur
1082 2939 1122 2984 ea
1145 2918 1256 2985 omnia
1279 2938 1363 3001 quae
1388 2919 1432 2984 ad

281 3035 372 3101 illam
395 3057 466 3101 rem
489 3034 657 3120 pertinere
681 3035 770 3101 clare
794 3036 829 3100 et
859 3033 1016 3100 distincte
1046 3033 1203 3119 percipio,
1237 3054 1357 3100 revera
1386 3034 1431 3099 ad

392 3255 426 3323 12)
444 3255 547 3310 Wollte
560 3255 676 3311 Jemand
694 3255 743 3310 das
756 3255 873 3326 Baispiel
891 3255 967 3310 nicht
985 3254 1167 3322 anerkennen,
1187 3255 1249 3310 weil
1267 3273 1297 3310 es
1316 3274 1349 3310 zu
1367 3254 1433 3310 sehr

283 3346 331 3399 der
349 3343 529 3400 Sinnlichkeit
547 3347 714 3409 entstammt,
741 3362 772 3399 66
795 3344 848 3398 soll
871 3361 901 3398 es
924 3343 1067 3412 unzthlige
1086 3343 1185 3398 andere
1205 3343 1432 3399 mathematiache

283 3432 470 3488 Verhtltniaae
489 3433 584 3501 geben,
602 3432 647 3486 bei
664 3433 751 3487 denen
770 3433 859 3488 dieser
872 3433 1003 3488 llinwand
1021 3431 1097 3487 nicht
1107 3432 1220 3497 zutrifft;
1240 3432 1326 3487 leider
1337 3432 1386 3486 hat
1397 3432 1431 3486 D.

284 3522 380 3576 heines
398 3522 486 3576 daven
505 3521 658 3589 angefhhrt.

393 3610 426 3678 13)
444 3611 495 3665 Ι)16
508 3610 748 3679 Ueberschttzung
765 3611 813 3665 des
829 3611 1042 3666 Rationalismus
1059 3611 1135 3666 filhrt
1151 3612 1184 3666 D.
1203 3629 1236 3666 zu
1255 3611 1303 3665 der
1320 3610 1433 3665 khhnan

283 3700 470 3770 Behauptung,
490 3700 554 3754 dass
573 3700 651 3755 Alles
669 3701 697 3754 in
716 3701 805 3754 dieser
816 3700 911 3754 Weise
930 3698 1069 3755 Gedachte
1089 3701 1117 3754 in
1134 3700 1266 3769 gewisser
1277 3699 1434 3769 Beziehung

283 3789 365 3854 wahr,
386 3789 411 3842 d.
425 3788 451 3843 h.
471 3789 514 3842 ain
533 3789 626 3844 Etwas
649 3790 697 3855 sei,
720 3788 849 3843 wthrend
873 3806 903 3842 es
927 3788 986 3843 sich
1009 3805 1058 3856 gar
1076 3788 1151 3842 nicht
1168 3807 1214 3842 um
1234 3788 1277 3842 die
1289 3788 1434 3844 Wahrheit

284 3879 337 3932 und
354 3878 550 3933 Wirhlichkeit
568 3880 617 3934 des
636 3878 802 3944 Gedachten,
821 3878 938 3932 sondem
957 3895 1003 3932 um
1022 3877 1065 3932 die
1081 3877 1365 3946 Ueberainatimmung
1382 3878 1435 3930 mit

283 3968 390 4036 Dingan
411 3971 505 4033 ,extra
523 3969 658 4022 mentem¹‘
680 3966 800 4021 handelt.

392 4057 426 4125 ¹⁴)
448 4056 566 4121 ,Natura
585 4057 699 4111 mentis“
716 4079 747 4100 =
765 4054 872 4122 ,lumen
888 4055 1042 4120 naturale“;
1063 4054 1111 4109 das
1128 4054 1254 4109 assentiri
1272 4053 1373 4121 erfolgt
1386 4055 1436 4108 auf

284 4145 377 4200 Grund
390 4143 532 4198 derselbeu
551 4145 693 4212 geistigen
703 4143 855 4212 Fehigkeit,
874 4144 977 4199 welche
989 4145 1079 4198 Hume
1095 4143 1222 4210 ,belew
1238 4147 1359 4211 genennt
1376 4142 1434 4198 hat.
