3186 4870
268 401 333 467 204
715 393 855 449 Meditutio
874 393 965 448 Sexte.

269 593 398 673 cedere,
429 591 506 673 quio
536 590 624 656 forte
655 589 764 672 alique
795 588 869 655 esse
897 591 1010 673 potest
1032 588 1067 652 in
1090 609 1143 653 me
1166 587 1239 672 ipso
1262 588 1417 665 facultas,

269 709 333 774 etsi
356 707 438 773 mihi
461 707 605 773 nondum
630 705 774 788 cognita,
798 704 928 770 illerum
952 703 1162 787 effectrix.³⁹)

375 823 472 888 Nune
496 824 608 886 autem
636 823 812 905 postquem
835 818 956 902 incipio
979 839 1033 883 me
1056 818 1223 902 ipsum,4⁰)
1257 839 1417 900 meaeque

270 938 442 1003 authorem
467 935 606 1018 originis
633 935 751 1000 melius
782 955 890 1016 nosse,
921 956 987 1000 non
1017 934 1149 1017 quidem
1180 933 1301 1014 omnio,
1333 953 1418 1014 quae

269 1054 393 1119 habere
416 1051 532 1117 videor
555 1072 575 1116 o
599 1049 761 1131 sensibus,
785 1053 865 1134 puto
894 1071 968 1116 esse
991 1026 1169 1132 temeres)
1194 1048 1418 1126 admittenda3

270 1169 328 1234 sed
352 1188 459 1249 neque
483 1166 584 1232 etiam
609 1165 719 1232 omnio
739 1165 774 1229 in
799 1165 932 1231 dubium
956 1164 1203 1248 revocandam)

376 1283 421 1348 Et
444 1281 550 1365 primo
574 1281 729 1364 quonium
753 1280 820 1346 soio
845 1280 964 1361 omnia,
990 1301 1074 1362 quoe
1099 1280 1187 1346 olere
1210 1282 1245 1345 et
1261 1279 1418 1345 distincte

269 1397 430 1479 intelligo,
454 1396 536 1462 talia
560 1417 581 1462 e
604 1397 673 1462 Deo
696 1395 770 1461 fieri
792 1416 890 1479 posse
915 1395 1025 1477 qualia
1055 1395 1112 1459 ille
1141 1395 1302 1477 intelligo,
1334 1394 1418 1460 setis

271 1516 324 1578 est
347 1513 433 1594 quod
456 1511 580 1596 possim
604 1532 704 1576 unam
728 1532 798 1576 rem
823 1511 947 1592 absque
972 1510 1079 1576 altere
1102 1511 1191 1575 clere
1210 1513 1245 1576 et
1262 1509 1419 1575 distinete

270 1627 468 1709 intelligere,
499 1633 536 1692 ut
561 1629 672 1692 certus
703 1625 765 1691 sim
795 1646 895 1690 unam
926 1626 967 1691 eb
999 1625 1106 1690 altere
1136 1646 1210 1690 esse
1241 1624 1418 1705 diversam,

272 1743 349 1824 quie
379 1745 492 1826 potest
522 1742 641 1807 saltem
673 1741 786 1807 eDeo
811 1740 949 1806 seorsim
980 1740 1073 1824 poni,
1105 1744 1139 1805 et
1168 1762 1234 1806 non
1263 1739 1369 1805 refert
1399 1761 1420 1804 a

272 1878 337 1939 que
360 1857 561 1942 potentiae)
585 1857 619 1922 id
641 1858 711 1936 fiet,
741 1859 780 1921 ut
804 1855 937 1920 diversa
961 1855 1187 1933 existimetur3
1219 1875 1258 1919 oc
1281 1855 1419 1938 proinde

272 1993 315 2037 ex
337 1972 400 2038 hoo
423 1973 495 2056 ipso
519 1971 606 2055 quod
630 1962 733 2036 sciam
757 1992 810 2036 me
835 1969 991 2050 existere,
1016 1969 1167 2052 quodque
1187 1970 1321 2034 interim
1338 1968 1421 2033 nihil

271 2088 369 2171 plene
402 2086 491 2152 eliud
525 2088 567 2152 ed
600 2090 754 2152 naturam
789 2085 860 2150 sive
895 2085 1076 2151 essentium
1110 2105 1219 2150 meam
1251 2083 1420 2168 pertinere

272 2202 547 2282 animadvertam,
572 2205 707 2286 praeter
734 2201 796 2266 hoc
827 2202 932 2266 solum
963 2200 1050 2282 quod
1079 2199 1141 2265 sim
1171 2221 1226 2266 res
1257 2199 1419 2281 cogitem,

272 2321 364 2383 recte
388 2318 555 2396 concludo,
580 2337 688 2382 meam
712 2317 893 2382 essentiam
916 2316 951 2380 in
974 2315 1036 2382 h'oo
1052 2337 1116 2381 uno
1134 2314 1317 2381 consistere
1333 2314 1419 2396 quod

274 2432 335 2497 sim
360 2452 415 2496 res
444 2431 654 2515 cogitansse)
701 2431 747 2496 Et
777 2431 929 2513 quemvis
959 2430 1103 2497 fortasse
1135 2429 1202 2512 (vel
1231 2429 1352 2515 potine,
1382 2433 1420 2494 ut

273 2547 482 2631 postmodum
500 2546 617 2626 dicam,
633 2567 693 2631 pro
710 2547 815 2630 nerto)
833 2546 974 2612 habeam
991 2567 1110 2630 eorpus
1124 2545 1210 2627 quod
1226 2544 1307 2609 mihi
1322 2543 1420 2609 valde

274 2666 367 2728 erote
391 2661 601 2728 coniunctum
625 2666 687 2742 est,
719 2662 796 2743 quia
826 2665 940 2727 temen
964 2682 1007 2726 ex
1030 2681 1097 2726 une
1119 2663 1216 2744 perte
1239 2660 1362 2726 olorem
1387 2663 1422 2724 et

275 2777 467 2843 distinctam
490 2776 596 2843 habeo
624 2777 734 2842 ideam
762 2776 828 2842 mei
857 2776 963 2860 ipsius
993 2776 1157 2859 quatenus
1187 2796 1260 2840 sum
1290 2777 1421 2840 tentum

274 2913 329 2958 res
349 2892 511 2974 cogitans,
537 2914 602 2958 non
619 2895 775 2966 extense;
800 2895 835 2957 et
851 2913 893 2957 ex
910 2892 976 2957 elie
991 2896 1088 2976 perte
1105 2890 1297 2956 distinctam
1311 2889 1422 2954 ideam

274 3008 431 3092 eorporis,
463 3011 627 3090 quatenus
658 3010 710 3073 est
739 3010 870 3073 tentum
900 3027 954 3072 res
983 3010 1134 3086 extensu,
1165 3027 1231 3071 non
1255 3004 1422 3086 cogitans;

274 3126 402 3188 eertum
426 3125 478 3188 est
501 3143 554 3187 me
583 3143 764 3206 eeorpore
794 3142 874 3187 meo
898 3142 1018 3188 revera
1048 3142 1123 3187 esse
1154 3120 1356 3200 distinctum,
1387 3123 1424 3185 et

275 3238 399 3319 absque
422 3237 477 3302 illo
501 3258 599 3320 posse
623 3236 828 3318 existere.⁴⁵)

383 3405 418 3473 ⁸⁹)
437 3403 492 3458 Der
508 3402 623 3457 zweite
643 3402 865 3458 Unterebsohnitt
876 3421 929 3458 von
945 3408 1055 3473 ,postea
1067 3405 1146 3458 νεποιι
1163 3402 1199 3473 (p.
1210 3403 1273 3472 200)
1293 3401 1335 3455 bis
1353 3399 1424 3456 hier-

274 3491 331 3556 her,
356 3491 527 3561 rekapitulht
550 3491 603 3546 den
622 3491 713 3546 Inhult
741 3493 788 3546 der
813 3495 904 3548 ersten
929 3493 1101 3549 Meditation:
1129 3491 1423 3557 Sinuesttusehungen,

274 3580 386 3647 Troum,
417 3579 602 3636 methodische
626 3580 770 3634 Annahme
799 3582 846 3635 der
872 3580 1077 3637 Niohtexistenz
1104 3580 1213 3646 (lottes,
1244 3578 1425 3635 Untersohied

275 3667 410 3724 zwisehen
431 3669 563 3738 ,impetus
581 3668 728 3723 naturalis“
750 3669 805 3722 und
826 3670 934 3734 ,retio“.

382 3756 419 3824 ⁴⁰)
438 3757 498 3811 Den
515 3757 592 3812 nieht
609 3756 685 3810 mehr
702 3757 788 3825 vdffig
806 3757 834 3810 in
852 3758 896 3811 die
915 3757 996 3812 Sinne
1015 3757 1198 3812 verstriokten
1217 3755 1302 3812 Geist.

382 3847 418 3916 ⁴¹)
438 3846 514 3901 Ohne
532 3845 656 3900 reifliohe
674 3845 873 3914 Ueberlegung.

343 3961 344 3964 ¹
382 3934 419 4004 ⁴²)
437 3935 511 3989 Weil
529 3934 621 3990 Vieles
641 3935 729 3989 duvon
747 3933 806 3989 sieh
824 3933 866 3989 als
884 3934 983 4002 riohlig
1000 3933 1122 3990 bewthrt
1139 3933 1195 3988 hat

382 4024 419 4092 ⁴⁸)
439 4023 483 4077 Sei
501 4041 531 4078 es
551 4041 603 4078 von
621 4023 820 4078 mensohh'oher
838 4023 902 4077 oder
920 4022 1065 4090 gotthoher
1082 4023 1184 4078 Moeht.

383 4113 419 4179 ⁴⁴)
437 4111 475 4166 Es
493 4111 568 4180 giebt
585 4131 636 4166 nur
654 4112 714 4166 eino
733 4112 835 4180 einzige
847 4111 1002 4176 Wuhrheit,
1028 4110 1139 4167 besteht
1161 4109 1280 4166 dissolbe
1305 4110 1349 4163 fhr
1372 4110 1427 4165 den
