3212 4872
198 349 201 355 1
284 381 346 446 108
725 373 866 428 Meditatio
884 373 982 429 Tertia.

282 573 445 653 nonfuit,
470 592 556 638 nunc
579 570 725 655 incipere
749 591 833 650 osse,
865 569 929 634 nisi
957 570 1159 654 producatur
1183 570 1224 635 ab
1249 571 1359 652 aliqua
1381 592 1429 651 re,

281 689 316 755 in
340 697 404 771 qua
427 691 534 754 totum
564 687 644 752 illud
668 686 713 752 sit
735 685 790 752 vel
820 685 1014 764 formaliter,
1045 684 1099 751 vol
1128 685 1315 752 eminenter
1344 687 1430 770 quod

281 805 416 889 ponitur
443 803 478 868 in
500 801 677 887 lapideae)
709 823 770 876 nec
801 804 913 886 potest
944 801 1033 866 calor
1062 800 1095 865 in
1129 801 1315 868 subiectum
1345 802 1431 884 quod

282 919 374 1004 prius
397 941 462 984 non
487 918 618 984 calebat
642 917 763 998 induci,
795 917 858 984 nisi
883 937 903 982 a
926 937 962 982 re
986 936 1071 998 quae
1095 915 1140 981 sit
1162 917 1287 983 ordinis
1312 917 1429 983 saltem

283 1057 388 1118 aeque
422 1035 564 1120 perfecti
597 1037 698 1116 atque
734 1037 787 1100 est
819 1035 922 1113 calor,
956 1035 991 1098 ot
1024 1031 1072 1097 sic
1107 1032 1147 1098 de
1180 1031 1338 1112 caeteris;
1372 1034 1431 1099 scd

282 1154 458 1236 praeterea
489 1150 590 1216 etiam
621 1172 686 1215 non
717 1153 829 1234 potest
858 1149 892 1213 in
923 1169 976 1214 me
1008 1169 1082 1214 esso
1113 1147 1189 1213 idea
1219 1147 1348 1228 celeria,
1378 1149 1432 1214 vel

273 1265 416 1352 lapidis,
456 1265 520 1331 nisi
558 1266 592 1330 in
627 1287 680 1330 me
715 1265 824 1349 posita
862 1264 906 1329 sit
941 1264 982 1329 ab
1018 1263 1128 1346 aliqua
1164 1270 1264 1329 cauea
1298 1264 1332 1328 in
1367 1272 1432 1347 qua

209 1359 211 1367 ⁴
283 1382 492 1448 tantumdem
530 1381 574 1446 ad
612 1381 783 1446 minimum
823 1380 868 1446 sit
899 1379 1065 1446 realitatis
1098 1382 1257 1462 quantum
1291 1401 1365 1446 esse
1397 1380 1432 1445 in

283 1499 403 1578 calore,
439 1498 491 1562 vel
523 1497 633 1581 lapide
667 1496 883 1581 concipioz³⁵l
924 1517 999 1561 nam
1040 1495 1191 1579 quamvis
1224 1495 1291 1561 ista
1331 1516 1432 1561 causa

283 1613 365 1678 nihil
395 1613 436 1677 do
465 1620 525 1678 sua
547 1612 703 1679 realitate
726 1613 849 1678 actuali
881 1612 953 1678 sive
977 1612 1109 1678 formali
1132 1612 1167 1677 in
1191 1632 1299 1678 meam
1323 1612 1432 1677 ideam

283 1728 508 1809 transfundat,
542 1750 607 1794 non
639 1729 715 1794 ideo
748 1729 931 1813 putandum
964 1731 1017 1794 eet
1046 1729 1136 1794 illam
1169 1728 1278 1794 minus
1307 1727 1430 1793 realem

284 1865 358 1910 esse
391 1844 571 1929 deboro‚³⁶)
612 1845 671 1910 sed
708 1844 810 1910 telem
843 1867 917 1911 esso
951 1848 1105 1910 naturam
1136 1843 1240 1928 ipsius
1270 1843 1365 1909 ideae
1396 1846 1434 1909 ut

285 1960 408 2026 nullam
441 1959 539 2025 aliam
577 1981 620 2025 ex
654 1980 690 2025 ee
722 1959 912 2025 realitatem
944 1959 1118 2026 formalem
1151 1959 1267 2041 exigat
1298 1962 1434 2044 praetor

283 2077 383 2157 illam,
416 2097 514 2158 quam
543 2078 716 2141 mutuatur
739 2097 759 2140 a
783 2075 986 2158 cogitatione
1010 2082 1085 2141 mea
1109 2075 1202 2140 cuius
1226 2079 1277 2141 eet
1300 2076 1432 2155 modus;

285 2193 371 2282 quod
410 2195 522 2258 autem
560 2191 644 2256 haec
682 2191 758 2257 idea
796 2191 986 2258 realitatem
1024 2191 1225 2257 obiectivam
1260 2190 1346 2256 hanc
1380 2192 1432 2258 vel

284 2307 374 2373 illam
407 2307 577 2373 contineat
610 2307 721 2392 potius
755 2328 852 2390 quarn
886 2307 996 2388 aliam,
1031 2306 1094 2373 hoc
1126 2305 1277 2391 profecto
1308 2306 1433 2373 habere

286 2423 384 2489 debet
408 2422 449 2487 ab
474 2421 584 2505 aliqua
607 2430 708 2488 cauea
737 2422 771 2488 in
796 2429 861 2505 qua
883 2423 1092 2488 tantumdem
1124 2423 1168 2489 eit
1196 2423 1239 2490 ad
1262 2422 1432 2489 minimum

285 2537 451 2604 realitatie
483 2538 632 2604 formalis
669 2541 828 2620 quantum
867 2537 941 2622 ipsa
979 2538 1128 2604 continet
1166 2539 1365 2612 obiectivae;
1405 2538 1433 2603 si

286 2654 374 2721 enim
397 2675 558 2738 ponamus
582 2653 707 2737 aliquid
729 2654 763 2719 in
786 2653 862 2719 idea
885 2653 1025 2738 reperiri
1055 2655 1140 2737 quod
1171 2677 1236 2721 non
1266 2653 1370 2721 fuerit
1399 2653 1434 2718 in

287 2771 357 2836 eius
388 2777 502 2852 causa,
533 2769 595 2836 hoc
625 2769 729 2853 igitur
760 2769 864 2836 habet
897 2791 917 2834 a
947 2769 1063 2849 nihilo;
1097 2769 1190 2852 atqui
1220 2768 1434 2853 quantumvis

287 2886 502 2970 imperfectus
516 2885 575 2951 ‘sit
603 2885 668 2952 iste
698 2886 829 2952 essendi
860 2886 977 2951 modus
1009 2907 1073 2968 que
1103 2907 1158 2952 res
1188 2889 1240 2951 ost
1270 2885 1434 2952 obiectire

286 3002 320 3067 in
352 3000 523 3068 intellectu
555 3023 615 3086 per
647 3001 767 3083 ideam,
801 3023 866 3067 non
897 3004 1011 3067 tamen
1042 3001 1192 3086 profecto
1226 3001 1324 3086 plene
1353 2999 1434 3065 nihil

396 3222 431 3290 ³⁴)
450 3222 510 3276 Von
523 3222 570 3276 der
582 3239 680 3288 „causa
692 3222 830 3277 10111118ιι
845 3221 1047 3277 unterecheidet
1060 3222 1118 3277 sich
1130 3223 1173 3277 die
1186 3239 1284 3289 „causa
1296 3221 1432 3276 1111118α

287 3311 414 3376 dadurch,
438 3311 501 3365 dass
520 3312 559 3365 818
578 3311 620 3366 ale
638 3311 832 3366 Totalureache
851 3312 878 3365 in
897 3313 946 3366 der
964 3312 1100 3380 Wirknng
1117 3310 1193 3366 nicht
1211 3310 1295 3378 vdllig
1315 3310 1435 3378 autgeht,

288 3404 358 3454 etwa
376 3401 428 3453 wie
447 3399 490 3453 dio
503 3400 685 3468 Mutterleuge
704 3401 779 3454 eines
791 3401 931 3470 Krystalle
949 3401 1008 3455 sich
1027 3401 1102 3455 nicht
1120 3401 1171 3454 mit
1189 3401 1251 3454 dem
1262 3399 1436 3454 Abscheiden
1545 3449 1547 3452 .

265 3516 267 3521 ·
288 3489 363 3543 eines
382 3489 504 3556 einzigen
522 3489 651 3543 Minerals
670 3488 814 3558 erechepft,
840 3491 957 3544 sondern
975 3490 1017 3544 ale
1036 3506 1118 3543 causa
1137 3489 1260 3542 eminens
1277 3488 1347 3542 noch
1364 3487 1436 3541 viele

288 3578 388 3632 andere
407 3577 546 3647 Krystalle
565 3576 656 3630 bilden
674 3577 761 3642 kann;
781 3577 960 3632 scholastisch
979 3577 1158 3648 gesprachen:
1183 3577 1226 3631 dic
1245 3577 1381 3644 Wirkung
1399 3577 1437 3630 ist

287 3667 314 3720 in
344 3666 391 3720 der
418 3683 500 3720 cauea
528 3665 715 3721 formaliter
743 3665 815 3719 denn
843 3665 994 3732 anthalten‚
1025 3684 1104 3719 wenn
1129 3666 1168 3720 sie
1194 3665 1237 3719 die
1262 3664 1383 3718 Ursache
1408 3665 1436 3718 in

289 3755 429 3811 anderer
440 3755 520 3809 Form
532 3755 576 3821 181,
595 3754 681 3808 bleibt
694 3755 738 3808 ein
750 3754 918 3820 Riickstand,
938 3773 967 3810 eo
981 3771 1037 3808 war
1050 3755 1093 3809 dio
1105 3754 1242 3822 Wirkung
1254 3755 1282 3808 in
1295 3754 1343 3807 dor
1355 3770 1438 3808 causa

243 3877 244 3880 =
288 3845 410 3900 formalis
433 3845 583 3898 eminenter
605 3843 769 3909 vorhanden,
792 3844 856 3898 dh.
877 3845 919 3898 die
939 3862 1021 3898 causa
1040 3844 1106 3912 geht
1123 3841 1200 3898 nicht
1217 3842 1326 3912 vtllig
1342 3831 1371 3895 ln
1390 3842 1437 3896 der

288 3934 425 4002 Wirlrung
443 3935 497 3998 auf,
517 3934 634 3988 sondern
652 3934 726 3987 kann
745 3933 787 3988 ale
807 3951 890 3987 causa
909 3934 1030 3988 eminane
1049 3933 1216 3988 fortwirken.

398 4022 433 4089 85)
452 4022 502 4076 Die
515 4025 698 4091 consequente
710 4022 793 4090 Fulge
807 4023 855 4076 des
869 4022 1061 4077 entwiclrclten
1075 4020 1439 4077 Oauealitateverhaltnieeee

289 4117 360 4165 ware
378 4112 427 4164 der
443 4110 632 4168 Rflckschluse
658 4112 707 4165 auf
728 4111 770 4164 die
790 4111 919 4166 Exietenz
944 4112 991 4165 der
1014 4111 1237 4180 angezweifelten
1255 4109 1438 4174 Auseenwelt,
