3186 4870
266 400 330 464 226
444 395 448 404 ’
712 395 852 449 Meditatio
871 395 963 450 Sexta.

265 593 329 659 hac
356 591 391 658 in
413 612 450 658 re
481 591 598 658 melius
627 613 725 676 posse
756 591 951 674 excogitari,
983 612 1083 675 quam
1112 591 1141 657 si
1172 612 1247 657 eum
1276 591 1413 674 inferat,

266 708 321 791 qui
346 729 387 773 ex
412 707 563 794 omnibus
587 727 668 789 quos
692 707 818 773 inferre
845 709 957 790 potest
988 706 1030 771 ad
1057 705 1201 772 hominis
1231 708 1305 773 sani
1335 729 1413 774 con-

265 823 488 890 servationem
513 843 612 906 quam
629 821 773 888 maxime
790 824 825 887 et
840 842 939 905 quam
957 821 1227 904 frequentissime
1244 822 1413 890 conducit:

265 938 516 1023 Experientiam
556 940 669 1003 autem
707 937 827 1003 testari
865 938 1002 1022 tolose)
1038 958 1112 1004 esse
1147 956 1262 1004 omnes
1294 959 1414 1004 sensus

265 1054 360 1120 nobis
383 1075 404 1120 a
426 1057 548 1121 natura
570 1052 708 1132 inditos;
733 1073 771 1118 ac
787 1052 925 1137 proinde
941 1052 1023 1118 nihil
1041 1054 1140 1137 plane
1155 1052 1190 1117 in
1205 1052 1247 1118 iis
1261 1053 1429 1138 reperiri·

266 1171 352 1252 quod
376 1191 441 1236 non
464 1169 527 1234 Dei
550 1168 744 1253 potentiam,
769 1168 1018 1250 bonitatemque
1042 1171 1197 1234 testetur.

372 1286 434 1366 Ita,
459 1284 602 1368 exempli
626 1291 736 1366 causa,
761 1287 835 1349 chm
856 1283 951 1350 nervi
982 1283 1037 1366 qui
1067 1287 1145 1350 sunt
1175 1283 1209 1349 in
1239 1285 1323 1369 pede
1354 1305 1413 1350 ve·

265 1401 448 1481 hementer,
473 1403 508 1466 et
530 1404 666 1484 praeter
693 1400 965 1467 consuetudinem
996 1403 1182 1481 moventur,
1212 1400 1267 1466 ille
1298 1421 1412 1466 eorum

265 1519 375 1582 motus
398 1536 459 1600 per
485 1515 601 1600 spinae
629 1515 719 1581 dorsi
749 1515 926 1582 medullam
957 1516 1000 1580 ad
1029 1515 1147 1581 intima
1178 1514 1306 1582 cerebri
1336 1536 1414 1600 per-

265 1630 399 1714 tingens
422 1631 467 1696 ibi
480 1625 595 1697 ¹menti
615 1630 747 1713 signum
771 1632 829 1697 dat
850 1631 892 1697 ad
908 1630 1032 1714 aliquid
1048 1631 1267 1713 sentiendum,
1292 1652 1415 1715 nempe

266 1747 412 1813 dolorem
433 1750 592 1830 tanquam
608 1747 642 1813 in
658 1749 742 1832 pede
759 1747 1019 1831 existentem‚⁸⁸)
1043 1769 1143 1829 aquo
1163 1746 1220 1812 illa
1244 1746 1415 1813 excitatur

265 1862 307 1928 ad
332 1863 402 1928 eius
426 1884 560 1929 causam
584 1867 622 1929 ut
644 1864 721 1947 pedi
743 1863 912 1944 infestam,
942 1866 1102 1946 quantum
1126 1863 1160 1929 in
1180 1884 1217 1930 se
1233 1867 1296 1944 est,
1321 1883 1416 1928 amo-

264 1980 417 2046 vendam.
465 1980 634 2046 Potuisset
656 2000 736 2045 vero
760 1982 882 2045 natura
905 1978 1099 2062 hominisssll
1123 2001 1143 2045 a
1166 1979 1236 2045 Deo
1261 1978 1309 2044 sic
1332 2000 1414 2044 con-

265 2095 370 2176 stitui,
393 2099 432 2161 nt
454 2095 509 2161 ille
532 2094 619 2161 idem
642 2099 753 2160 motus
776 2095 810 2160 in
833 2096 971 2160 cerebro
987 2094 1118 2177 quidvis
1141 2094 1282 2178 aliud90)
1306 2093 1414 2160 menti

266 2210 450 2292 exhiberet,
474 2232 593 2295 nempe
616 2212 670 2276 vel
693 2233 729 2277 se
751 2210 918 2295 ipsum‚⁹1)
944 2215 1108 2293 quatenus
1132 2213 1185 2276 cst
1207 2210 1241 2275 in
1262 2210 1413 2290 cerebro,

266 2327 318 2391 vel
342 2330 505 2408 quatenus
529 2329 582 2392 est
603 2326 639 2391 in
661 2327 755 2411 pede,
781 2327 835 2392 vel
847 2326 893 2391 in
908 2326 1017 2408 aliquo
1037 2347 1080 2392 cx
1094 2325 1176 2392 locis
1191 2324 1414 2406 intermediis,

265 2442 317 2507 vel
348 2441 489 2523 deniqne
519 2440 608 2506 aliud
637 2440 813 2523 quidlibet3
844 2441 903 2506 sed
926 2440 1009 2506 nihil
1032 2441 1173 2524 aliud92)
1197 2442 1239 2506 ad
1263 2439 1414 2525 corporis

266 2556 552 2623 conservationem
575 2577 680 2638 aeque
704 2556 927 2623 conduxisset.
962 2557 1088 2622 Eodem
1112 2556 1208 2622 modo
1233 2559 1306 2622 chm
1329 2559 1414 2640 potu

270 2671 466 2754 indigemus,
492 2667 654 2753 quaedam
677 2671 754 2737 inde
777 2671 883 2737 oritur
911 2671 1045 2737 siccitas
1068 2671 1102 2737 in
1126 2675 1262 2754 gutture
1291 2692 1417 2738 nervos

265 2787 336 2854 eius
360 2808 508 2868 movens,
533 2791 567 2853 et
589 2787 719 2853 illorum
743 2808 804 2871 ope
821 2786 948 2852 cerebri
963 2787 1139 2866 interiora3
1163 2787 1282 2870 hicque
1299 2791 1415 2853 motus

265 2907 411 2969 mentem
434 2889 589 2987 afficit⁹³)
615 2924 713 2969 sensu
737 2903 821 2984 sitis,
847 2903 924 2986 quia
947 2903 1029 2968 nihil
1052 2903 1087 2968 in
1102 2905 1174 2969 toto
1191 2904 1253 2969 hoc
1275 2901 1415 2984 negotio

265 3019 360 3086 nobis
391 3018 504 3085 utilius
535 3021 587 3084 est
610 3018 695 3084 seire
719 3039 817 3100 quam
842 3018 929 3101 quod
951 3021 1032 3103 potu
1056 3018 1098 3084 ed
1122 3016 1412 3084 conservationem

265 3135 466 3201 valetudinis
489 3154 657 3216 egeamus,
682 3133 788 3199 etsie
812 3134 853 3198 de
877 3134 1029 3202 caeteris.
1065 3133 1118 3198 Ex
1138 3133 1256 3215 quibus
1276 3132 1414 3199 omnino

373 3329 409 3398 87)
427 3330 460 3383 D.
473 3328 500 3382 h.
519 3330 560 3383 sie
578 3329 672 3398 zeigen
690 3347 737 3396 cn,
756 3346 814 3384 was
833 3328 894 3382 dem
916 3328 1029 3397 eigenen
1046 3328 1150 3398 Kdrper
1167 3327 1344 3383 vortheilhalt
1362 3327 1415 3393 sei,

264 3418 320 3473 und
339 3435 396 3472 was
414 3417 497 3472 nicht.

374 3506 409 3574 88)
427 3506 485 3560 Das
503 3505 724 3574 Schmerzgefdhl
742 3506 780 3560 ist
798 3495 955 3560 ein'Affekt
973 3506 1021 3561 des
1040 3506 1156 3561 Geistee.

373 3595 409 3662 89)
427 3595 530 3663 Kbrper
548 3594 602 3650 und
621 3593 699 3650 Geist
716 3611 1042 3662 zusammengenommen.

373 3682 408 3752 ⁹⁰)
427 3684 524 3752 Irgend
543 3686 636 3749 etwae,
655 3701 713 3738 was
732 3683 781 3737 wir
798 3683 874 3737 nicht
891 3682 1008 3737 konnen.

373 3774 408 3843 91)
426 3773 504 3828 Etwa
523 3773 566 3826 die
584 3773 741 3841 Bewegung
760 3773 789 3827 in
806 3772 893 3826 ihrem
911 3771 1054 3828 formellen
1072 3771 1142 3828 Scin.

373 3862 408 3931 ⁹²)
421 3861 472 3914 Die
485 3861 596 3918 direkt
608 3861 739 3916 erkannte
752 3863 908 3928 Bewegung
917 3861 1009 3916 wdrde
1022 3861 1073 3914 den
1086 3859 1235 3915 Mensehen
1251 3877 1311 3914 uum
1323 3860 1414 3916 Nach-

265 3925 372 4005 denhen
384 3949 540 4005 versulasst
551 3949 647 4015 haben,
664 3968 696 4005 so
713 3952 778 4005 dass
790 3968 820 4004 er
832 3950 884 4004 den
897 3949 1023 4004 Schmerz
1041 3950 1084 4006 als
1100 3951 1160 4004 eine
1172 3949 1415 4017 vorabergehende

264 4039 364 4094 leichte
377 4039 463 4094 Sache
475 4039 617 4094 veraehtet
635 4040 689 4093 und
707 4039 756 4094 auf
771 4038 814 4093 die
826 4038 978 4108 Erheltung
990 4039 1079 4094 seiner
1091 4038 1178 4093 solbet
1190 4037 1309 4106 weniger
1320 4037 1415 4092 unck-

264 4127 336 4201 sicht
353 4145 514 4195 genommen
532 4126 616 4182 hocce.
