3204 4874
558 1230 890 1319 MEDITATIO
926 1230 1136 1320 SEXTA.

521 1399 719 1470 Demeam
746 1401 970 1470 materialium
998 1402 1189 1491 teneaat„

601 1511 633 1577 et
658 1507 745 1577 reoli
770 1509 885 1575 meotes
913 1529 935 1575 a
962 1529 1102 1598 corpore

743 1615 955 1683 damnatore.

371 1764 552 1875 Reliquum
588 1795 641 1859 est
671 1795 709 1857 ut
741 1792 928 1858 examinem
961 1813 1005 1857 an
1039 1813 1094 1858 res
1126 1793 1318 1858 materiales
1351 1793 1423 1859 oxi·

273 1908 416 1992 stante)
447 1911 483 1974 et
512 1907 644 1990 quidem
674 1908 741 1973 iam
772 1908 815 1972 ad
845 1907 1015 1972 minimum
1047 1907 1115 1974 scio
1143 1907 1227 1989 illae,
1258 1911 1422 1990 quatenus

273 2027 352 2089 sunt
382 2044 486 2108 purae
518 2023 711 2090 Matheseos
744 2023 918 2102 obiectum,
953 2044 1051 2107 posse
1084 2023 1241 2104 existere
1275 2025 1422 2106 quando·

273 2139 405 2222 quidem
443 2139 535 2223 ipsas
573 2138 661 2205 clare
700 2141 735 2205 et
774 2139 930 2204 distincte
968 2138 1154 2223 percipio.²)
1218 2139 1296 2205 Non
1334 2140 1421 2205 enim

274 2255 407 2321 dubium
432 2258 485 2320 est
507 2254 586 2336 quin
610 2254 700 2320 Deus
724 2253 768 2319 sit
791 2274 898 2338 capax
930 2275 970 2320 ea
1001 2254 1110 2319 omnia
1141 2254 1422 2338 efficiendi'quae

274 2391 337 2453 ego
366 2371 414 2435 sic
444 2369 647 2454 percipiendi
678 2391 750 2435 sum
781 2391 902 2454 capax:
939 2370 1085 2453 nihilque
1117 2392 1263 2454 unquam
1294 2373 1335 2438 ab
1367 2371 1422 2438 illo

274 2486 347 2552 fieri
371 2508 437 2552 non
459 2507 558 2570 posse
580 2485 735 2566 iudicavi‚
765 2484 830 2550 nisi
858 2489 1002 2573 propter
1022 2486 1084 2553 hoc
1113 2487 1200 2569 quod
1223 2488 1302 2553 illud
1326 2508 1346 2552 a
1369 2509 1423 2552 me

277 2602 433 2667 distincte
467 2601 593 2686 percipi
627 2604 870 2686 repugnaret.³)
926 2602 1107 2667 Praeterea
1142 2623 1184 2668 ex
1218 2602 1423 2685 imaginandi

274 2718 446 2799 facultate,
471 2723 536 2800 qua
558 2739 611 2784 me
634 2717 684 2783 uti
708 2717 862 2801 experior
893 2716 969 2781 dum
1001 2717 1089 2783 circa
1118 2738 1173 2783 res
1202 2717 1287 2784 istas
1316 2722 1424 2783 mate·

273 2835 374 2900 riales
406 2854 533 2914 versor,
567 2833 660 2916 sequi
690 2833 823 2898 videtur
852 2833 927 2898 illas
957 2832 1119 2913 existere;
1152 2855 1230 2898 nam
1261 2834 1425 2900 attentius

274 2949 499 3016 consideranti
523 2949 679 3031 quidnam
696 2949 741 3014 sit
757 2949 964 3031 imaginatio,
988 2948 1070 3014 nihil
1087 2949 1176 3014 aliud
1193 2970 1267 3014 esse
1284 2953 1425 3033 apparet

275 3086 374 3148 quam
398 3065 560 3147 quaedam
585 3065 763 3149 applicatio
786 3064 958 3138 facultatis
982 3065 1230 3148 cognoscitivae
1247 3065 1289 3130 ad
1305 3085 1426 3148 corpus

275 3181 338 3266 ipsi
361 3181 478 3246 intime
501 3201 660 3265 praesens
685 3202 723 3247 ac
747 3181 884 3265 proinde
909 3180 1099 3265 existens.⁴)

383 3296 476 3374 Quod
510 3299 548 3360 ut
581 3296 713 3380 planum
753 3298 822 3376 fiat,
861 3296 967 3381 primo
1007 3296 1162 3362 examino
1202 3295 1422 3362 differentiam

276 3431 361 3493 quaa
401 3413 453 3475 est
488 3409 576 3475 inter
613 3410 886 3493 imaginationem
925 3415 960 3476 et
997 3432 1113 3495 puram
1153 3411 1422 3478 intellectionem.

386 3577 406 3643 1)
426 3577 489 3630 Elrst
505 3575 564 3630 hier
580 3575 686 3632 kommt
697 3578 731 3631 D.
745 3579 793 3632 auf
810 3578 863 3632 den
880 3579 907 3631 in
927 3579 975 3633 der
987 3581 1078 3633 ersten
1090 3579 1250 3634 Meditation
1269 3578 1304 3648 (p.
1317 3579 1362 3646 62)
1382 3578 1425 3633 als

275 3665 446 3720 methodisch
464 3665 553 3720 falech
571 3683 803 3734 angenommcnen
821 3667 996 3735 Gegcnstand
1015 3669 1063 3722 der
1081 3668 1292 3736 Untersuchung
1313 3667 1425 3722 zurtlck.

384 3754 406 3821 ²)
433 3754 492 3808 Aua
519 3755 567 3808 dar
593 3754 779 3822 begnifflichen
806 3755 965 3825 Perception
996 3756 1101 3823 ergiebt
1127 3757 1198 3822 sich,
1230 3757 1294 3811 dass
1320 3756 1427 3825 Ktrper

276 3845 408 3898 existiren
426 3843 569 3908 litnnem
593 3861 643 3898 aus
662 3844 709 3898 der
725 3843 872 3898 bildlichcn
884 3844 1061 3913 Vorstcllung
1084 3846 1148 3899 oder
1171 3845 1219 3900 der
1236 3845 1426 3912 Imagination,

276 3934 341 3988 dass
359 3933 399 3986 sie
417 3931 698 3987 wahrscheinlich
717 3933 854 3997 existima,
875 3933 938 3987 dass
957 3933 996 3987 sie
1017 3932 1128 3988 sicher
1144 3933 1280 3998 existircn,
1300 3936 1358 3987 erst
1375 3950 1427 3988 aus

277 4023 338 4076 dem
357 4021 459 4076 Dasein
477 4021 583 4076 Gottca.

385 4111 406 4178 8)
425 4110 582 4178 Vergleicht
600 4129 664 4165 man
683 4111 735 4165 den
753 4111 956 4166 franztsischcn
975 4112 1054 4178 Text,
1073 4129 1104 4166 ao
1124 4112 1181 4166 will
1197 4112 1230 4165 D.
1247 4127 1341 4178 sagon,
1361 4112 1427 4166 dass
