3212 4872
258 373 299 437 82
686 369 827 425 Meditatio
846 369 978 426 Secunda.

259 568 622 655 comprehendebatur?
653 571 744 634 certo
774 567 857 634 nihil
880 589 993 635 eorum
1018 589 1103 651 quae
1127 569 1279 636 sensibus
1303 571 1405 638 attin-

258 687 387 770 gebam,
422 706 498 752 nam
532 705 747 768 quaecunque
780 684 841 751 sub
872 688 1016 768 gustum,
1050 685 1103 751 vel
1136 685 1321 768 odoratum,
1353 687 1406 754 vel

257 803 376 885 visum,
412 803 464 869 vel
498 805 636 884 tactum,
672 801 726 867 vel
761 801 910 868 auditum
945 801 1136 884 veniebant,
1176 805 1307 869 mutata
1340 803 1406 869 iam
1467 820 1471 828 “

258 923 345 1001 sunt,
380 921 533 985 remanet
567 917 702 1002 cora.³⁷)
760 917 928 984 Fortassis
962 917 1042 984 illud
1083 921 1157 984 erat
1195 919 1282 1001 quod
1320 940 1406 986 nunc

257 1036 377 1118 cogito,
402 1054 655 1119 nempe-ceram
679 1032 786 1118 ipsam
810 1056 876 1100 non
900 1033 1032 1117 quidem
1055 1034 1160 1100 fuisse
1179 1035 1280 1101 istam
1297 1035 1405 1122 dulce

258 1153 368 1218 dinem
384 1151 500 1232 mellis,
525 1171 586 1216 nec
608 1151 726 1217 florum
749 1150 981 1234 fragrantiam,
1006 1171 1067 1216 nec
1090 1150 1191 1217 istam
1208 1151 1404 1233 albedinem,

257 1289 318 1334 nec
347 1269 498 1351 figuram,
530 1288 591 1332 nec
622 1288 749 1348 sonum,
781 1267 840 1333 sed
864 1288 982 1351 corpus
1007 1267 1093 1350 quod
1116 1266 1198 1333 mihi
1221 1268 1405 1354 apparebat

256 1384 353 1468 paulo
378 1387 456 1450 ante
479 1383 585 1451 modis
608 1381 684 1448 istis
708 1381 929 1467 conspicuum,
955 1404 1041 1448 nunc
1066 1383 1221 1451 diversis:
1250 1383 1404 1467 quidest

257 1504 369 1566 autem
403 1499 466 1566 hoc
499 1499 650 1584 praecise
685 1499 772 1582 quod
808 1498 856 1565 sic
890 1498 1076 1581 imaginor?
1112 1499 1333 1581 attendamus,
1369 1503 1404 1566 et

255 1615 393 1682 remotis
416 1615 467 1698 iis,
499 1637 583 1699 quae
607 1616 650 1682 ad
674 1636 785 1682 ceram
815 1636 882 1681 101
911 1614 1091 1699 pertinent,
1122 1615 1294 1682 videamus
1325 1615 1403 1699 quid

256 1732 416 1817 supersit;
447 1753 566 1817 nempe
589 1731 670 1798 nihil
694 1731 783 1798 aliud
807 1752 906 1814 quam
930 1733 1106 1797 extensum
1129 1730 1218 1814 quid,
1246 1731 1401 1814 flexibile,

256 1847 482 1932 mutabile:³⁸)
506 1848 590 1926 Quid
613 1869 693 1915 vero
717 1850 771 1914 est
792 1847 855 1914 hoc
873 1846 1029 1928 flexibile,
1053 1847 1234 1914 mutabile?
1258 1859 1300 1913 an
1317 1848 1403 1931 quod

254 1964 420 2047 imaginor
442 1965 529 2030 hanc
553 1985 663 2030 ceram
687 1985 730 2030 ex
753 1965 861 2047 figura
884 1963 1027 2030 rotunda
1053 1963 1088 2029 in
1112 1964 1320 2047 quadratam,
1348 1964 1402 2030 vel

255 2103 298 2147 ex
332 2081 396 2147 hac
429 2081 465 2147 in
498 2079 738 2162 triangularem
773 2079 861 2146 verti
896 2086 1016 2165 posse?
1055 2079 1142 2146 nullo
1180 2081 1286 2163 mode,
1326 2102 1402 2147 nam

253 2196 519 2264 inumerabilium
561 2196 721 2262 eiusmodi
759 2197 981 2263 mutationum
1020 2217 1176 2281 capacem
1215 2217 1289 2263 eam
1328 2218 1402 2263 esse

255 2314 508 2400 comprehendo,
532 2334 594 2378 nec
616 2334 751 2397 possum
774 2315 888 2378 tamen
910 2311 1169 2379 innumerabiles
1188 2310 1400 2396 imaginando

254 2452 458 2516 percurrere,
492 2451 553 2496 160
584 2429 687 2512 igitur
722 2429 972 2514 comprehensio
1002 2430 1086 2495 haec
1120 2429 1161 2494 ab
1196 2429 1402 2512 imaginandi

254 2547 415 2614 facultate
445 2545 624 2631 perficitur.
676 2546 760 2624 Quid
789 2549 988 2613 extensum?
1019 2545 1166 2629 nunquid
1198 2544 1299 2613 etiam
1329 2546 1401 2632 ipsa

255 2664 326 2730 eius
350 2662 501 2729 extensio
525 2665 578 2728 est
600 2661 737 2746 ignota?
760 2662 891 2728 namin
913 2669 989 2728 cera
1009 2662 1213 2745 liquescente
1228 2664 1266 2728 fit
1285 2662 1400 2744 maior,

255 2781 360 2846 maior
383 2780 417 2845 in
440 2778 596 2860 ferventi,
625 2778 795 2862 maiorque
824 2801 939 2845 rursus
963 2778 991 2844 si
1016 2778 1105 2845 calor
1133 2782 1310 2862 augeatur;
1341 2798 1402 2843 nec

254 2901 346 2962 recte
361 2895 541 2961 iudicarem
558 2893 636 2977 quid
652 2894 697 2960 sit
715 2915 801 2976 cera,
822 2894 885 2960 nisi
901 2898 1055 2979 putarem
1071 2896 1157 2960 hanc
1174 2894 1275 2961 etiam
1291 2894 1402 2979 plures

255 3012 434 3079 secundum
467 3010 696 3078 extensionem
728 3010 913 3076 varietates
944 3010 1122 3077 admittere
1152 3031 1252 3093 quam
1281 3009 1402 3075 fuerim

254 3148 399 3210 unquam
431 3127 643 3208 imaginando
679 3126 891 3210 complexus:
934 3130 1087 3210 superest
1120 3125 1223 3209 igitur
1256 3128 1295 3192 ut
1325 3147 1401 3192 con-

255 3244 381 3325 cedam,
406 3264 458 3308 me
482 3242 658 3324 nequidem
681 3241 859 3324 imaginari
883 3242 962 3325 quid
982 3243 1026 3308 sit
1041 3243 1125 3309 haec
1146 3263 1233 3324 cera,
1258 3243 1317 3308 sed
1331 3242 1401 3309 sola

254 3363 366 3426 mente
389 3358 574 3443 percipere:
600 3357 672 3423 dico
696 3357 782 3423 hanc
805 3358 839 3423 in
862 3357 1074 3442 particulari;
1100 3359 1140 3424 de
1157 3365 1235 3424 cera
1256 3358 1344 3424 enim
1366 3358 1400 3423 in

255 3474 419 3542 communi
451 3473 571 3540 clarius
605 3476 671 3541 est:
706 3494 869 3556 quaenam
902 3496 983 3542 vero
1014 3478 1066 3540 est
1095 3474 1179 3541 haec
1209 3496 1288 3542 cera
1316 3495 1400 3557 quae

254 3614 320 3658 non
353 3591 416 3657 nisi
453 3594 565 3657 mente
597 3591 799 3676 percipitur?
851 3591 981 3676 Nempe
1017 3591 1133 3657 eadem
1165 3612 1263 3674 quam
1294 3590 1399 3667 video,

255 3731 352 3795 quam
387 3712 504 3793 tango,
541 3730 638 3792 quam
672 3709 851 3792 imaginor,
889 3709 1006 3774 eadem
1042 3708 1184 3792 donique
1222 3729 1319 3792 quarn
1358 3709 1399 3774 ab

253 3827 349 3894 initio
388 3848 461 3893 esse
499 3825 700 3892 arbitrabar:
740 3823 843 3908 atqui,
883 3824 969 3907 quod
1007 3826 1190 3891 notandum
1228 3828 1290 3907 est,
1329 3824 1401 3890 eius

362 3967 397 4034 ³⁷)
415 3967 471 4020 Der
488 3935 655 4033 sogenannte
673 3966 795 4033 'Preger
813 3967 860 4019 der
877 3964 1062 4020 Aecidentien.

362 4056 396 4125 88)
415 4054 596 4109 Bekanntlich
613 4054 703 4110 haben
721 4054 886 4126 Berkeley
908 4056 963 4108 und
989 4057 1092 4110 Hume
1118 4056 1192 4111 disse
1214 4073 1268 4110 von
1290 4054 1400 4129 Locke

254 4145 378 4202 aufrecht
391 4143 529 4200 erhaltene
542 4144 695 4214 Scheidung
712 4144 864 4200 bestritten.
889 4145 941 4199 Μ11
960 4146 1012 4199 den
1025 4144 1177 4200 sinnlichen
1189 4144 1401 4214 Eigenschaften
