3204 4874
287 380 349 444 158
723 375 863 432 Meditatic
883 375 991 442 Quarta.

285 573 500 654 credideram,
533 577 670 659 propter
700 574 763 640 hoe
794 595 905 655 unum,
939 574 1026 657 quod
1055 574 1095 640 de
1122 573 1163 641 iis
1192 573 1302 656 aliquo
1335 575 1430 642 modo

284 711 382 777 posse
406 689 549 756 dubitari
580 689 882 774 deprehendissem,
913 690 1010 775 plane
1040 690 1127 755 falsa
1158 711 1233 756 esse
1263 691 1430 776 supposui.

286 807 365 873 (lum
399 809 512 872 autem
545 805 624 888 quid
659 827 775 872 verum
806 806 849 873 sit
879 828 945 872 non
977 807 1060 872 satis
1091 806 1180 873 clare
1210 810 1245 873 et
1275 807 1431 874 distincte

284 923 440 1010 percipio,
465 922 628 1005 siquidem
652 942 673 987 a
695 921 815 988 iudicio
839 923 976 988 ferendo
1001 922 1197 1004 abstineam,
1230 924 1354 989 clarum
1379 928 1431 990 est

284 1062 337 1106 me
359 1043 451 1107 recte
474 1061 576 1123 agere
600 1041 635 1104 et
658 1060 724 1105 non
744 1038 814 1104 falli
817 1065 829 1130 5
854 1039 913 1104 sed
929 1038 958 1104 si
974 1040 1028 1104 vel
1043 1038 1216 1121 affirmem,
1241 1039 1295 1106 vel
1311 1061 1431 1123 negem

284 1154 364 1223 tunc
379 1157 536 1223 libertate
552 1154 682 1221 arbitrii
699 1177 764 1221 non
780 1158 872 1222 reete
888 1157 979 1235 utor;
996 1159 1096 1239 atque
1114 1156 1192 1222 siin
1209 1176 1282 1222 eam
1298 1159 1428 1241 partem

285 1294 370 1356 quae
393 1272 479 1338 falsa
503 1275 555 1338 est
578 1292 631 1337 me
654 1274 858 1353 convertam,
886 1271 985 1356 plane
1007 1270 1105 1338 fallor
1128 1270 1269 1356 (fallar);
1298 1271 1327 1338 si
1350 1294 1429 1340 vero

285 1389 426 1455 alteram
456 1388 648 1472 amplectar,
680 1408 759 1453 casu
788 1387 919 1471 quidem
947 1387 1090 1455 incidam
1120 1387 1256 1473 (incido)
1285 1388 1321 1455 in
1346 1389 1430 1455 veri·

285 1507 400 1587 tatem,
412 1505 470 1570 sed
484 1526 549 1571 non
560 1504 635 1570 ideo
648 1505 744 1589 culpa
756 1502 933 1588 careban)
945 1504 1022 1587 quia
1033 1504 1156 1570 lumine
1167 1505 1311 1571 naturali
1326 1505 1431 1571 mani-

285 1621 408 1687 festum
422 1623 474 1686 est
485 1620 732 1705 perceptionem
748 1620 936 1686 intellectus
952 1621 1152 1705 praeoedere
1169 1642 1299 1706 semper
1311 1622 1430 1688 debere

285 1736 466 1803 voluntatis
497 1725 888 1821 determinationem;⁴⁸)¹
905 1738 1006 1820 atque
1035 1735 1070 1801 in
1098 1736 1160 1803 hoc
1183 1736 1278 1802 liberi
1301 1736 1431 1804 arbitrii

285 1874 350 1919 non
373 1857 465 1920 recto
489 1874 551 1918 usu
574 1851 718 1937 privatio
741 1852 798 1917 illa
821 1851 909 1919 inest
932 1873 1017 1935 quae
1041 1852 1183 1918 formam
1207 1853 1329 1919 erroris
1353 1875 1430 1920 con-

285 1969 404 2051 stituit,
429 1969 585 2054 privatio,
609 1969 753 2052 inquam,
784 1967 873 2035 inest
896 1967 930 2032 in
954 1967 1027 2053 ipsa
1050 1969 1243 2052 operatione
1268 1973 1431 2053 quatenus

286 2105 381 2150 ame
412 2085 572 2170 procedit,
603 2084 662 2151 sed
692 2106 758 2150 non
787 2084 822 2150 in
852 2084 1014 2151 facultate
1042 2105 1140 2168 quam
1169 2086 1282 2151 aDeo
1308 2085 1430 2170 accepi,

284 2223 345 2267 nec
369 2201 471 2267 etiem
501 2200 536 2266 in
559 2199 752 2286 operatione
780 2204 943 2283 quatenus
967 2202 1008 2266 ab
1032 2201 1087 2267 illo
1112 2201 1292 2286 dependet:
1324 2224 1430 2285 neque

285 2315 373 2382 enim
405 2315 513 2382 habeo
546 2336 682 2383 causam
716 2317 816 2382 ullam
852 2317 1073 2402 conquerendi
1107 2317 1193 2400 quod
1225 2319 1316 2384 Deus
1352 2317 1431 2383 mihi

284 2453 350 2498 non
388 2432 548 2498 maiorem
586 2432 654 2497 vim
692 2432 913 2515 intelligendi,
958 2432 1029 2498 sive
1067 2455 1133 2499 non
1177 2432 1284 2500 maius
1321 2434 1433 2500 lumen
1525 2465 1527 2467 ·

285 2549 437 2614 naturale
462 2547 591 2614 dederit
614 2568 713 2630 quarn
737 2548 837 2630 dedit,
863 2549 940 2631 quia
963 2552 1015 2615 est
1037 2549 1077 2615 de
1096 2548 1226 2616 ratione
1241 2549 1431 2616 intellectus

227 2713 229 2718 .
284 2663 369 2729 finiti
403 2667 441 2729 ut
475 2664 580 2729 multa
614 2685 680 2729 non
717 2663 894 2748 intelligat,
934 2669 968 2731 et
1003 2665 1044 2730 de
1076 2665 1206 2732 ratione
1241 2665 1430 2732 intellectus

286 2779 390 2876 creati
423 2783 461 2845 ut
495 2779 540 2844 sit
573 2779 701 2860 finitus;
736 2782 852 2862 estque
885 2781 972 2864 quod
1004 2802 1104 2864 agam
1136 2781 1264 2865 gratias
1297 2781 1344 2847 illi
1376 2782 1431 2864 qui

285 2894 365 2960 mihi
396 2916 564 2978 nunquam
595 2894 770 2978 quicquam
802 2895 916 2961 debuit
942 2918 1002 2980 pro
1031 2918 1070 2963 eo
1093 2897 1181 2979 quod
1204 2897 1345 2980 largitus
1369 2901 1430 2977 est,

153 3068 155 3072 .
284 3033 350 3078 non
373 3015 484 3077 autem
514 3011 601 3093 quod
628 3015 743 3097 putem
767 3033 819 3077 me
843 3012 884 3077 ab
908 3011 963 3078 illo
986 3012 1027 3077 iis
1051 3033 1125 3078 esse
1148 3012 1328 3096 privatum,
1360 3011 1430 3077 sive

283 3128 375 3194 illum
398 3127 479 3192 mihi
504 3148 544 3192 ea
567 3128 745 3194 abstulisse
769 3149 853 3210 quae
878 3149 943 3192 non
959 3127 1059 3194 dedit.
1099 3127 1176 3194 Non
1198 3127 1305 3195 habeo
1330 3127 1430 3193 etiam

285 3263 420 3310 causam
436 3243 659 3325 conquerendi
674 3244 760 3326 quod
776 3243 982 3311 voluntatem
999 3243 1129 3309 dederit
1143 3243 1244 3309 latius
1260 3246 1431 3328 petentem

285 3379 384 3441 quam
414 3358 635 3438 intellectum3
667 3363 740 3424 cum
769 3359 857 3424 enim
887 3359 1042 3425 voluntas
1071 3359 1106 3425 in
1134 3366 1200 3424 una
1228 3362 1361 3425 tantum
1384 3379 1431 3439 re,

286 3478 320 3540 et
343 3478 502 3556 tanquam
526 3473 560 3538 in
584 3473 775 3540 indivisibili
800 3475 972 3557 consistat,
1002 3497 1067 3542 non
1090 3475 1224 3541 videtur
1247 3474 1337 3540 ferre
1361 3474 1431 3540 eius

285 3594 406 3657 natura
443 3592 481 3655 ut
520 3589 694 3673 quicquam
728 3591 769 3656 ab
804 3590 860 3656 ills
893 3591 980 3657 demi
1014 3590 1135 3676 possit;
1175 3594 1210 3657 et
1249 3611 1329 3656 sane
1368 3611 1433 3673 quo

284 3706 424 3791 amplior
448 3709 510 3788 est,
535 3709 630 3774 tanto
654 3706 797 3773 maiores
822 3707 925 3774 debeo
950 3707 1077 3790 gratias
1102 3707 1173 3773 eius
1197 3706 1315 3773 datori.
1361 3706 1433 3772 Nec

285 3823 425 3906 denique
456 3822 558 3889 etiam
589 3822 682 3907 queri
713 3823 827 3903 debeo,
859 3823 945 3905 quod
977 3823 1066 3888 Deus
1096 3843 1226 3888 meeum
1256 3824 1434 3889 concurrat

391 4035 427 4106 ⁴²)
452 4038 576 4094 Insolern
600 4037 649 4092 vvir
672 4055 725 4092 uns
750 4036 869 4093 dadurch
897 4054 985 4106 gagen
1010 4038 1060 4093 das
1084 4056 1139 4092 von
1164 4037 1230 4093 Gott
1254 4039 1435 4106 feetgcsetzte

284 4125 456 4182 Verhtltnies
474 4127 617 4196 vergehen.
