3212 4872
270 394 331 459 102
710 391 852 447 Meditatio
869 392 968 447 Tertia.

267 587 376 670 magis
415 586 548 653 obvium
580 588 646 667 est,
686 607 785 668 quam
826 591 864 653 ut
903 587 1045 654 iudicem
1081 587 1182 655 istam
1215 613 1286 659 rem
1319 617 1412 662 suam

267 703 516 769 similitudinem
547 702 669 786 potius,
705 723 804 785 quam
836 703 926 769 aliud
959 703 1037 786 quid
1069 704 1104 770 in
1134 728 1187 772 me
1217 708 1414 790 immittere;

268 841 352 903 quae
382 817 530 884 rationes
560 839 601 883 an
633 818 716 884 satis
739 820 855 885 firmae
878 819 956 901 sint,
982 820 1049 886 iam
1072 820 1202 889 videbo.
1251 825 1330 891 Cum
1361 827 1415 893 hio

267 935 340 1001 dico
361 955 414 1000 me
441 933 490 1000 ita
521 933 653 999 doctum
683 955 757 1000 esse
781 955 802 1000 a
824 939 955 1016 natura,
979 936 1128 1019 intelligo
1152 941 1284 1006 tantum
1316 964 1414 1026 spon·

267 1054 366 1116 taneo
397 1050 538 1132 quodam
568 1049 694 1133 impetu
724 1071 778 1116 me
808 1050 889 1116 ferri
924 1052 965 1117 ad
1000 1051 1063 1118 hoe
1095 1054 1312 1136 credendum,
1347 1079 1412 1124 non

266 1166 389 1231 lumine
413 1165 522 1248 aliquo
545 1165 690 1232 naturali
713 1165 794 1230 mihi
824 1166 955 1232 ostendi
979 1188 1053 1233 esse
1076 1190 1202 1250 verum,
1234 1192 1319 1253 quae
1350 1173 1414 1239 duo

267 1283 406 1347 multum
445 1281 698 1366 discrepant,²⁶)
737 1302 815 1346 nam
854 1302 1069 1365 quaecunque
1108 1284 1230 1351 lumine
1269 1287 1414 1353 naturali

267 1397 496 1477 ostenduntur,
530 1395 581 1480 (ut
613 1397 699 1478 quod
732 1418 774 1462 ex
804 1419 843 1462 eo
872 1398 959 1480 quod
991 1399 1139 1465 dubitem
1169 1406 1328 1483 sequatur
1360 1425 1414 1468 me

267 1534 352 1593 esse,
377 1517 412 1579 et
434 1512 576 1594 similia),
601 1513 688 1579 nullo
712 1514 809 1579 modo
834 1514 933 1579 dubia
957 1535 1030 1581 esse
1049 1519 1198 1600 possunt,
1223 1518 1300 1600 quia
1322 1518 1413 1583 nulla

268 1629 333 1695 alia
356 1629 499 1694 facultas
527 1649 602 1694 esse
631 1632 753 1712 potest,
785 1629 837 1695 cui
868 1650 972 1712 aeque
1002 1631 1100 1697 fidam
1132 1653 1171 1698 aa
1200 1632 1316 1699 lumini
1344 1633 1412 1715 isti,

268 1766 417 1829 quaeque
440 1744 497 1810 illa
520 1767 585 1811 non
608 1765 690 1811 vera
714 1765 788 1811 esse
810 1745 917 1830 possit
941 1747 1073 1826 docere;
1104 1748 1164 1813 sed
1187 1752 1347 1830 quantum
1371 1748 1414 1814 ad

266 1861 410 1946 impetus
434 1859 615 1941 naturales,
644 1860 711 1925 iam
740 1881 841 1944 saepe
865 1861 940 1926 olim
965 1861 1160 1952 iudicavi²⁷J
1192 1883 1246 1928 me
1276 1864 1318 1929 ab
1348 1863 1414 1929 illis

266 1977 301 2043 in
325 1975 524 2042 deteriorem
547 1979 678 2059 partem
699 1975 803 2042 fuisse
819 1976 995 2060 impulsum
1012 1998 1086 2043 cum
1102 1978 1244 2044 debono
1261 1978 1414 2060 eligendo

267 2096 435 2177 ageretur,
460 2113 521 2158 nec
536 2091 633 2158 video
658 2112 716 2157 cur
731 2091 849 2158 iisdem
867 2091 903 2156 in
918 2090 984 2157 ulla
1000 2092 1065 2158 alia
1080 2114 1116 2159 re
1132 2093 1240 2176 magis
1255 2094 1412 2172 fidam.²⁸)

267 2210 394 2276 Deinde
418 2209 570 2293 quamvis
593 2208 688 2274 ideae
711 2208 787 2274 illae
811 2229 832 2272 a
854 2207 1024 2273 voluntate
1047 2215 1123 2274 mea
1145 2230 1211 2274 non
1234 2210 1412 2293 pendeant,

266 2327 341 2392 idco
364 2347 431 2391 non
454 2327 586 2391 constat
609 2323 700 2408 ipsas
719 2345 739 2389 a
761 2325 861 2390 rebus
885 2326 984 2389 extra
1006 2344 1059 2388 me
1083 2324 1200 2408 positis
1224 2325 1413 2390 necessario

266 2442 456 2526 procedere,
480 2443 518 2506 ut
541 2439 630 2506 enim
650 2439 800 2524 impetus
827 2439 885 2521 illi,
917 2440 958 2505 de
988 2439 1106 2521 quibus
1136 2461 1214 2506 mex
1242 2440 1411 2523 loquebar,

267 2556 419 2640 quamvis
447 2555 481 2620 in
504 2575 557 2620 me
581 2555 658 2637 sint,
690 2555 905 2621 avoluntate
936 2558 1049 2621 tamen
1078 2562 1153 2621 mea
1183 2554 1307 2620 diversi
1337 2577 1411 2622 esse

267 2673 435 2754 videntur,
468 2672 517 2738 ita
551 2671 639 2737 forte
672 2670 773 2737 etiarn
804 2670 914 2752 aliqua
944 2670 1009 2736 alia
1040 2674 1093 2737 est
1122 2669 1156 2735 in
1186 2691 1239 2736 me
1268 2671 1412 2740 facultas

373 2885 408 2955 ²⁸)
431 2885 495 2939 Wie
521 2885 589 2939 oben
617 2886 760 2950 ,doctus
781 2901 798 2937 a
819 2885 974 2948 natnm‘,
1001 2900 1033 2937 so
1060 2883 1119 2938 tritt
1146 2883 1205 2937 hier
1229 2883 1278 2938 das
1306 2883 1413 2949 ,lumen

265 2975 403 3030 natural&
424 2974 613 3030 unvermittelt
634 2973 689 3038 ein;
714 2975 831 3027 ersteres
853 2972 972 3027 umfssst
993 2972 1042 3026 das
1059 2971 1157 3027 Gebiet
1179 2971 1227 3026 der
1243 2971 1339 3026 'l'riebe
1357 2972 1413 3026 und

265 3064 463 3133 Begehrungen
487 3064 540 3117 und
562 3063 637 3117 kann
655 3063 683 3116 in
701 3061 818 3116 Inthum
835 3061 941 3125 fdhren,
966 3061 1016 3115 das
1033 3061 1128 3115 zweite
1150 3060 1279 3116 bedentet
1297 3063 1346 3116 das
1365 3061 1411 3116 in·

264 3153 388 3209 tuitive
411 3153 541 3209 Erfassen
563 3151 657 3220 irgend
680 3151 753 3205 einer
770 3150 913 3205 Wohrheit
936 3149 1021 3204 durch
1043 3150 1095 3205 den
1118 3149 1258 3218 gesunden
1281 3150 1346 3204 oder
1367 3167 1412 3218 ge-

265 3243 373 3296 meinen
389 3240 670 3296 Mensohenverstand
688 3240 770 3294 ohne
789 3239 1016 3294 Demonstration.
1040 3240 1099 3294 Auf
1115 3239 1206 3292 dieses
1223 3237 1411 3292 irrthumslose

266 3329 573 3395 Wahrheitskriterium,
586 3329 704 3383 welches
722 3329 755 3383 D.
767 3329 806 3382 im
818 3328 946 3382 Verlaufe
966 3328 1013 3382 der
1025 3327 1185 3382 Meditation
1204 3327 1275 3382 'often
1293 3327 1335 3382 als
1354 3329 1411 3380 ent·

266 3419 412 3474 s'oheidsnd
431 3420 529 3482 annuit,
548 3419 633 3472 stttzt
651 3416 709 3472 sich
727 3418 777 3472 das
797 3417 909 3485 ,cogito
924 3419 999 3472 sum'‘
1021 3418 1076 3470 und
1095 3416 1194 3470 dessen
1213 3416 1294 3470 modi.
1322 3415 1413 3471 Ueber

266 3508 315 3562 das
330 3508 456 3573 ,lumen
470 3505 637 3560 naturale“
652 3505 701 3559 hat
717 3505 776 3560 sich
789 3505 821 3558 D.
834 3506 936 3560 indam
949 3506 1200 3574 Dialogfrngmonte
1215 3505 1411 3572 ,Inquisitio

265 3597 423 3652 veritatis
438 3613 485 3666 per
497 3596 588 3650 lumen
600 3595 739 3649 natural&
755 3598 904 3662 getussert.
924 3594 1013 3650 Sohon
1026 3594 1072 3649 der
1084 3594 1179 3648 Zusatz
1193 3594 1231 3647 im
1241 3593 1313 3648 Titel
1325 3595 1411 3661 ,quod

265 3685 346 3756 plane
364 3702 460 3756 purum
478 3684 553 3738 nullo
570 3685 712 3755 implorato
724 3684 872 3753 Religionis
884 3685 930 3739 vel
946 3684 1134 3755 Philosophiae
1153 3683 1255 3738 auxilio
1273 3683 1412 3753 opiniones

265 3776 435 3839 determinat,
453 3791 521 3842 quas
533 3774 645 3844 probum
657 3774 745 3828 virum
758 3774 791 3828 de
804 3774 928 3829 omnibus
940 3774 1028 3840 rebus,
1046 3791 1116 3842 quae
1129 3774 1187 3828 eius
1204 3771 1412 3841 cogitationibus

265 3864 403 3920 obversari
415 3867 528 3934 possunt
539 3863 639 3918 habere
651 3866 781 3933 oportet“,
801 3865 880 3932 zeigt,
893 3864 958 3918 dass
970 3864 1002 3918 D.
1016 3865 1144 3918 darunter
1156 3862 1233 3917 nicht
1244 3863 1287 3916 die
1300 3863 1411 3916 wissen-

265 3952 426 4009 schaftliohe
450 3953 683 4017 Demonstration,
714 3952 831 4007 sondern
858 3953 912 4005 den
939 3952 1152 4007 Gemainsinn
1179 3951 1244 4005 oder
1270 3951 1411 4019 gesunden

265 4042 543 4097 Menschenvarstand
562 4042 727 4096 varstanden
745 4042 845 4095 nissen
863 4039 928 4094 will.
957 4039 1007 4094 Die
1025 4042 1129 4096 Nomen
1148 4041 1196 4095 der
1214 4040 1271 4092 drei
1289 4039 1411 4094 Collocu-

265 4135 353 4186 toren:
373 4129 557 4200 Episthemon,
576 4131 624 4184 der
636 4129 773 4196 Gelehrte,
792 4129 953 4200 Polyander,
967 4129 1015 4184 der
1026 4129 1161 4198 gebildete
1172 4129 1338 4194 Woltmann,
1355 4127 1412 4182 und
